2946 4620
587 1246 793 1347 CAPUT
835 1236 868 1345 1.

145 1516 199 1616 De
214 1549 356 1616 auctoris
384 1547 525 1633 nomine,
550 1549 602 1614 cui
632 1554 695 1615 scir
717 1549 792 1634 παρ’
812 1547 997 1634 Ἱπποκράτει
1022 1546 1132 1624 λε’ξειιιν
1154 1540 1318 1630 συναγωγή

144 1657 349 1739 adscribitur,
372 1655 435 1720 uiri
458 1655 544 1721 docti
565 1656 702 1721 multum
725 1654 968 1721 haeeiteuerunt
988 1653 1160 1741 uariasque
1183 1652 1223 1718 de
1238 1674 1317 1719 uera

143 1762 289 1829 nominis
309 1762 412 1828 lorma
426 1763 629 1849 protulerunt
644 1762 829 1829 sententies.
858 1762 887 1827 si
909 1759 1040 1847 quidem
1061 1779 1126 1824 non
1148 1759 1228 1823 nulli
1245 1780 1319 1825 eum

143 1870 406 1958 Herotianum‚¹)
429 1870 530 1956 Hugo
559 1869 689 1936 Grotius
717 1870 770 1957 (ol.
803 1868 960 1935 Gatakeri
981 1867 1107 1933 aduers.
1141 1867 1317 1935 miscellan.

148 2000 178 2063 p.
196 1984 258 2044 138
275 1976 327 2042 ed.
337 1976 492 2059 Londin.)
504 1976 703 2060 linctionem,
718 1974 823 2039 Aldus
840 1973 1060 2055 Erotinonem,
1082 1972 1213 2037 Isaeous
1230 1971 1321 2051 ‹leni-
1423 1970 1427 1975 '

159 2104 214 2168 que
239 2083 378 2150 Vossius
409 2083 452 2149 ad
482 2082 600 2149 Octull.
633 2104 665 2170 p.
698 2091 736 2147 91
777 2080 1000 2145 Herodianum
1041 2085 1319 2165 nuncupauerunt.

165 2193 292 2256 attamen
314 2212 450 2279 prorsus
473 2191 562 2256 nulla
583 2191 697 2255 harum
721 2187 906 2275 opinionum
928 2185 998 2251 ueri
1018 2185 1159 2272 speciem
1184 2209 1263 2274 prae
1286 2211 1321 2257 ee

167 2291 230 2378 lert
255 2299 351 2365 nodo
383 2296 464 2363 duas
495 2297 647 2384 excipias.
693 2296 796 2361 altero
831 2314 929 2391 quarn
960 2292 1031 2358 dico
1068 2300 1117 2359 est
1145 2293 1232 2381 Alci,
1267 2298 1322 2383 qui

168 2398 364 2472 llrotinonem
380 2405 528 2491 glossarii
550 2410 715 2470 auctorem
727 2401 884 2490 adpellari
907 2400 1080 2467 arbitratus
1104 2408 1153 2467 eet
1173 2425 1193 2468 a
1215 2407 1324 2474 uerbis

159 2506 269 2578 Geloni
292 2514 392 2599 gloss.
421 2512 580 2600 Hippoor.
610 2533 642 2576 u.
670 2512 826 2596 κάμμορον
852 2529 885 2595 p.
914 2516 979 2574 490
1010 2507 1117 2573 Franz
1144 2511 1323 2596 proiectus:

153 2616 226 2684 ὅθεν
249 2623 301 2685 καὶ
322 2620 503 2704 Ἔρωτιιινάς
525 2620 562 2683 ου’
581 2617 675 2702 μόνον
693 2610 772 2683 arisi
794 2616 829 2683 so*
849 2620 924 2697 ζῶον
939 2617 1095 2702 κάμμορον
1116 2617 1197 2684 delo
1219 2625 1270 2686 xci
1288 2624 1323 2688 so*

154 2726 357 2807 περικείμενον
390 2727 478 2815 ου’τρῖ
504 2723 597 2809 βρύον
629 2723 727 2802 οὕτως
761 2723 971 2806 ὀνομάζεσθαί
1003 2749 1090 2809 φησι.
1136 2723 1251 2791 sedin
1273 2727 1325 2794 hie

158 2829 275 2913 uerbis,
298 2850 378 2919 quoe
406 2852 475 2897 non
495 2832 601 2897 solum
624 2836 775 2917 corrupta
796 2850 911 2895 uerum
934 2829 1031 2895 etiarn
1051 2831 1205 2897 lacunosa
1237 2838 1323 2917 eunt,

157 2937 218 3001 iam
241 2936 363 3005 dudum
392 2940 581 3026 Ἐρωιιαιός,
609 2945 647 3004 ut
668 2938 810 3022 exhibui,
832 2958 851 3003 e
874 2936 1038 3009 codicibus.
1057 2938 1258 3005 Doruilliano
1289 2946 1323 3007 et

157 3043 339 3133 llosquensi
350 3069 408 3134 pro
423 3048 572 3132 lectione,
585 3068 669 3135 quae
683 3047 761 3112 obrn
777 3046 1067 3132 circumferebatur,
1081 3049 1252 3135 Ἐρωτικῶν
1267 3054 1324 3116 ant

160 3149 304 3235 Ἐρωτικός
313 3154 340 3241 ²)
359 3175 380 3219 a
396 3154 535 3220 Franrio
559 3152 725 3242 receptum
742 3160 801 3221 est.
839 3175 945 3244 neque
960 3156 1093 3222 firmiori
1113 3156 1323 3227 fundamento

158 3266 372 3346 superstructa
395 3268 447 3329 eet
467 3263 569 3328 altera
599 3263 793 3346 coniectura,
816 3283 914 3350 quarn
943 3262 1078 3329 Vossius
1108 3267 1251 3352 protulit.
1296 3268 1325 3334 is

104 3388 106 3459 l
160 3367 249 3453 enim,
273 3369 351 3456 quia
372 3369 407 3434 in
428 3369 653 3456 Etymologioo
676 3389 796 3454 magno
818 3391 851 3457 p.
870 3378 922 3454 86,
936 3378 976 3435 57
993 3392 1041 3458 sq.
1058 3394 1084 3437 s.
1100 3394 1132 3438 u.
1155 3375 1326 3464 olerone)

224 3569 249 3638 1)
269 3572 313 3622 Ita
332 3574 401 3620 certe
413 3570 442 3619 in
458 3568 546 3619 codice
559 3569 684 3635 Gar-pensi
696 3582 792 3621 nomen
808 3568 904 3634 legisse
920 3568 1026 3618 uidetur
1044 3568 1184 3634 Philippus
1203 3570 1327 3624 Labbeus

164 3655 274 3709 biblioth.
295 3674 356 3708 nou.
375 3674 434 3710 mss.
453 3674 479 3722 p.
504 3660 555 3708 385
573 3658 638 3709 hoec
656 3659 795 3708 adnotans:
815 3656 977 3708 ‘licrotiani
1002 3656 1114 3707 tetricos
1135 3671 1236 3709 aecum
1261 3659 1328 3725 Hip·

108 3792 111 3813 ,
163 3750 282 3807 matis
300 3760 358 3812 per
376 3748 575 3810 alphabetum)

108 3824 113 3865 ¹
222 3837 249 3906 2)
271 3837 327 3888 Alii
345 3831 502 3906 Ἡρόφιλος
525 3837 610 3901 legere
633 3826 781 3896 uoluerunt,
806 3839 836 3886 ut
862 3836 969 3887 Faenius
993 3850 1081 3889 oecon.
1107 3834 1234 3900 Hippocr.
1258 3849 1279 3884 e.
1297 3849 1326 3885 u.

112 3909 115 3967 ἶ
164 3920 314 3999 κάμμορον
336 3941 363 3990 p.
378 3926 430 3975 304
442 3930 469 3975 et
480 3926 612 3976 Marslllus
631 3925 763 3990 crgnatus
780 3938 837 3975 uer.
856 3926 986 3976 obseruat.
998 3925 1026 3973 lI
1040 3926 1081 3988 28,
1101 3926 1148 3990 qui
1164 3924 1213 3974 hoo
1232 3923 1328 3975 coloni

112 3970 116 4089 l
163 4012 208 4068 loco
229 4016 387 4084 opinionem
410 4028 483 4064 suam
510 4015 602 4065 fulcire
627 4015 734 4077 studuit,
754 4013 907 4079 &lamium
924 4013 1092 4065 brenensem
1109 4012 1224 4078 spurium
1243 4025 1328 4077 nsque

113 4096 116 4109 '
169 4105 342 4159 rbErotiano
361 4105 535 4169 conscriptum
553 4118 617 4155 esee.
1281 4104 1284 4109 ’

112 4148 117 4267 l
223 4196 252 4269 ³)
272 4195 354 4245 Forte
373 4193 477 4244 fortune
494 4192 560 4245 haec
577 4209 630 4245 uox
648 4192 724 4244 hodie
743 4191 771 4242 in
788 4192 872 4243 lexico
891 4190 1008 4242 Erotionl
1026 4189 1097 4241 edito
1113 4205 1164 4240 non
1184 4193 1263 4244 exat.

114 4270 137 4557 l
