2946 4620
715 202 778 257 m

144 396 242 462 tacite
267 394 452 480 oomigoret,
470 394 632 479 ¹grauiora
653 416 731 463 uero
754 394 1016 463 adnotationibus
1056 400 1238 464 reseruaret
1258 395 1319 460 tol-

142 501 252 586 lenda,
286 500 374 566 unde
408 501 649 568 emendationes
683 503 750 569 eius
773 504 923 589 egregiae
956 524 1053 590 quam
1090 505 1249 590 plurimae
1285 502 1320 568 in

141 614 271 675 textum
302 629 399 695 quem
424 608 536 675 dicunt
564 608 606 673 ab
638 629 676 675 eo
706 615 856 695 receptae
886 630 951 674 non
974 614 1058 674 sunt.
1095 609 1185 675 iusto
1210 613 1319 673 autem

145 717 291 784 seuerius
316 715 356 781 de
378 714 441 781 hac
462 714 602 780 editione
628 714 781 781 iudicium
815 720 864 781 est
896 715 1064 801 Scaligeri,
1088 716 1143 803 qui
1163 716 1198 779 in
1220 714 1321 780 Scali-

145 824 277 912 gerauis
299 821 414 909 primis
435 841 460 885 s.
484 842 517 885 u.
540 820 713 887 Erotianus
742 823 826 888 hanc
848 825 1040 890 sententiam
1070 823 1158 889 tulit:
1181 820 1322 885 Leuicou

144 930 300 996 Ενοιὶαπὶ
331 940 416 993 estat
439 926 583 993 Genauae
614 929 654 1015 [P]
684 929 772 1015 apead
799 928 976 993 Hearicum
1000 928 1192 1015 Stephanum
1213 950 1319 993 mauo-

144 1062 224 1118 aum,
246 1035 338 1123 apud
359 1058 450 1123 quem
471 1036 617 1100 iuueuias
639 1048 779 1100 auctores
807 1037 887 1100 mire
909 1036 1107 1122 depracatus,
1129 1036 1243 1125 quippe
1265 1025 1320 1125 qui

144 1146 296 1236 φιλαυτίᾳ
310 1129 461 1209 dabcruui
475 1154 584 1206 temere
606 1142 755 1231 quicquid
768 1141 909 1229 duplicet
923 1146 1066 1208 immutat
1087 1155 1115 1207 et
1135 1144 1317 1229 corsumpa't.

144 1276 207 1317 uou
234 1253 283 1315 ita
306 1248 475 1314 Plautinus
498 1246 732 1334 Autoeupu'eusts
746 1248 950 1334 fidelissimus
971 1251 1201 1338 typopraphus:
1223 1248 1321 1314 edidit
1376 1241 1379 1246 ¹

145 1358 330 1423 humatum
346 1356 611 1421 emecasstmaa.
658 1354 717 1421 sed
732 1355 917 1442 Stephanus
933 1363 1088 1445 quantum
1103 1356 1209 1444 potuit
1225 1378 1319 1444 prae·

145 1468 243 1535 clara.
256 1464 429 1551 praestitit,
454 1468 650 1551 quapropter
672 1484 730 1529 suo
753 1463 827 1529 iure·
844 1484 918 1529 eum
940 1469 1052 1530 contra
1072 1465 1226 1531 iniustum
1242 1466 1325 1531 Sca·-

145 1571 238 1658 ngri
256 1571 417 1659 impetum
438 1568 582 1637 defendit
596 1569 810 1638 Renouardus
833 1571 866 1635 in
889 1571 981 1654 libro,
1006 1572 1057 1637 cui
1077 1573 1320 1659 inscriptionem

147 1680 220 1748 fecit
242 1679 376 1745 auuales
399 1677 436 1742 de
459 1677 671 1763 t’c'uspriaiaie
693 1676 745 1741 des
766 1675 923 1742 Estieuue.
955 1678 1058 1744 Paris.
1078 1687 1163 1745 1843
1186 1700 1219 1767 p.
1246 1688 1320 1747 122.

231 1786 374 1853 Duobus
385 1784 477 1851 annis
486 1788 599 1871 postea
611 1803 709 1870 quam
720 1783 893 1851 Erotianus
905 1807 1021 1871 graece
1036 1788 1176 1874 primum
1189 1788 1320 1876 prodiit,

148 1895 247 1962 latine
282 1914 359 1961 eum
392 1894 463 1959 luce
500 1891 635 1957 donauit
666 1891 1008 1959 Bartholomaeus
1046 1894 1320 1974 Eustachiua
1446 1880 1450 1890 ¹

149 2001 436 2071 Sanctcseuerinas
453 1999 595 2067 medicus
603 2005 701 2087 atque
708 2000 929 2088 philosophus,
941 2000 1088 2067 Venetiis
1096 2023 1125 2066 a.
1136 2000 1318 2069 MDLXVI

150 2111 235 2199 apud
264 2109 391 2175 Lucam
410 2107 590 2175 Antonium
620 2108 763 2175 duntam.
810 2107 957 2173 adhibuit
986 2128 1075 2193 uero,
1097 2114 1135 2175 ut
1163 2110 1233 2197 ipse
1263 2109 1319 2194 ait,

150 2219 296 2287 codicem
336 2218 532 2284 Vaticanum
569 2216 725 2282 uolumini
758 2215 967 2304 Hippocratis
1000 2216 1193 2299 adiunctum,
1224 2230 1321 2283 totum

149 2326 289 2392 acaum
310 2337 339 2389 et
360 2326 397 2388 iu
410 2324 572 2413 piceasque
600 2324 675 2389 tocie
691 2323 847 2404 mutilum,
864 2344 927 2411 quo
944 2329 977 2390 et
993 2346 1093 2412 opem
1117 2324 1321 2393 Constantini

150 2434 237 2500 Rulli
275 2431 473 2518 Viuianique
504 2431 644 2497 Brunori
677 2432 806 2498 adiutus
844 2431 1019 2498 editionem
1055 2453 1148 2497 suam
1179 2416 1319 2520 parauit.

150 2542 208 2609 iste
238 2559 320 2606 uero
350 2539 434 2605 liber
470 2538 648 2606 Vaticanus
687 2539 833 2606 diuersus
868 2545 917 2605 est
951 2560 971 2604 a
1004 2537 1114 2604 codiee
1148 2537 1190 2622 A,
1224 2558 1321 2625 quem

151 2668 207 2715 nos
230 2646 397 2714 conlatum
418 2645 585 2730 habemus,
601 2647 754 2734 quoniam
776 2646 924 2713 ismulta
947 2644 1167 2712 emendatiora
1189 2645 1322 2713 exhibet

151 2776 248 2844 quam
268 2752 497 2821 Eusuchiua
522 2757 652 2839 praeter
673 2774 748 2819 eum
770 2755 851 2821 alios
872 2753 971 2820 mam
993 2751 1120 2818 codices
1144 2753 1174 2819 ei
1188 2758 1319 2840 praesto

153 2863 250 2929 cusos
290 2861 415 2927 rabone
446 2861 651 2929 manifestum
687 2861 734 2945 fit,
775 2880 840 2950 qua
868 2859 1029 2927 ¹lectiones
1061 2859 1168 2924 uarias
1200 2858 1318 2925 attulit

151 2972 183 3039 ni
204 2969 324 3035 mirum
344 2967 479 3055 triginta
497 2988 616 3035 nouem
638 2967 716 3033 locis
738 2967 868 3055 legitur:
889 2966 1000 3033 ‘aliud
1021 2965 1182 3053 eucapiae
1204 2964 1320 3046 aaa,

154 3079 206 3142 ‘ia
226 3075 365 3167 quodam
393 3074 593 3163 eucapiae-5²,
617 3076 669 3139 ‘ia
691 3074 888 3165 quibusdan,
911 3073 1068 3165 aliquibus
1090 3073 1320 3161 anapaestos

152 3185 266 3273 lapiton·
274 3184 294 3264 ’,
316 3182 439 3275 ‘otique'
454 3183 588 3249 oodiaa-
605 3183 736 3249 babeat’
754 3185 808 3250 uel
830 3182 932 3251 semel
952 3180 1055 3247 ‘aiter
1084 3180 1183 3247 codem
1203 3182 1320 3251 aabu’.

153 3293 286 3381 quinam
305 3296 414 3359 autem
435 3291 570 3358 bilibri
601 3290 729 3375 fuerint,
765 3290 845 3356 mibi
880 3289 1038 3375 indagare
1077 3310 1144 3356 non
1175 3291 1320 3379 contigit,

155 3400 229 3486 quia
267 3397 448 3465 Vaticanus
484 3398 700 3465 bibliothecae
738 3396 887 3463 custodes
923 3396 1078 3482 Hiraelio,
1106 3420 1200 3485 quem
1233 3420 1321 3466 mors

154 3510 360 3595 praemauna
381 3505 492 3573 amicis
527 3506 707 3592 libensque
728 3506 795 3570 iam
814 3504 968 3592 abripuit,
992 3511 1025 3571 et
1054 3504 1217 3573 Kochlero
1247 3524 1321 3573 mea

154 3633 250 3679 causa
274 3610 509 3695 sciscitantibus
533 3612 614 3678 alios
637 3612 785 3680 Erebuni
812 3611 939 3678 codices
968 3592 1216 3699 praeur‘uuos
1248 3612 1321 3679 illos

153 3743 184 3808 p.
194 3718 436 3787 XXXXVHH
444 3718 593 3785 laudatos
609 3718 1073 3787 non-extareadiirmauerunt.
1118 3719 1192 3787 ideo
1208 3725 1319 3785 tamen

154 3827 320 3897 Eustachii
343 3825 442 3892 editio
465 3825 575 3913 magni
596 3832 648 3893 est
668 3828 833 3911 momenti,
859 3826 935 3914 quia
967 3828 1161 3894 Erotianum
1192 3826 1321 3914 qualem

154 3937 186 4001 in
208 3934 320 4003 codice
336 3932 491 3999 traditum
513 3934 638 4031 accepit
658 3934 853 4000 inmutatum
875 3955 911 3999 se
931 3935 1082 4002 iniuoem
1097 3935 1242 4002 emisisse
1256 3936 1320 4003 ait:

155 4044 238 4132 quod
266 4064 304 4111 re
326 4063 407 4107 uera
429 4042 472 4108 ab
491 4063 530 4109 eo
554 4063 680 4131 quoque
710 4041 833 4111 iactum
858 4062 930 4108 esee
954 4038 1036 4110 tides
1060 4042 1182 4108 faciunt
1206 4043 1320 4111 multu·

154 4168 288 4243 namque
304 4171 373 4217 non
388 4149 484 4217 modo
499 4151 652 4217 lemmata
666 4172 780 4217 uenum
799 4150 898 4215 etiam
920 4153 1025 4217 uersio
1040 4146 1321 4222 lucusianum
