2946 4620
673 258 751 313 xvn

182 455 363 538 μαρμαρυγαί
780 450 896 535 rov'iw

184 561 368 646 enodationem
781 558 955 646 dnopotcocc

184 666 284 758 Λιβήη,
306 669 416 760 Δήλῳ,
439 670 564 759 &vobin
779 671 882 753 φῦσαν

216 775 284 851 Quo
306 776 341 841 in
367 775 500 863 negotio
531 773 742 863 praecipuum
767 773 938 862 Her-ingo&
968 773 1198 841 adminioom
1227 781 1299 842 erat

155 882 344 968 epitomatoris
366 883 515 950 socordia
536 887 635 969 atque
656 881 783 966 inertia,
805 904 871 971 qun
897 883 959 949 isto
992 904 1089 951 uoces
1113 904 1181 950 non
1208 882 1299 971 peni·

155 991 233 1057 tuoin
255 990 402 1059 ordinem
422 991 663 1079 alphabeticum
683 990 811 1077 redegit
832 989 891 1056 sed
911 990 1050 1077 primum
1065 1006 1178 1058 omnes
1201 1012 1298 1059 uoces

156 1097 182 1163 ob
197 1127 221 1184 o,
241 1104 312 1167 tum
334 1121 356 1167 a
376 1107 407 1186 β,
431 1097 548 1167 deinde
570 1119 591 1163 a
612 1126 632 1184 y
652 1097 761 1166 littera
782 1096 974 1183 incipientes
997 1102 1126 1164 seruato
1148 1097 1299 1166 Erotioni

155 1204 237 1274 ordine
256 1207 430 1295 excerpsit,
445 1206 493 1273 ita
513 1210 551 1271 nt
571 1205 600 1271 is
621 1205 764 1293 quodam
786 1203 884 1271 modo
906 1203 1120 1291 redintegrari
1139 1206 1298 1293 queat.²⁰)

156 1314 257 1381 minime
280 1320 391 1382 autem
407 1320 443 1381 nt
465 1314 503 1379 fit
524 1312 672 1379 Eroticni
693 1310 834 1397 uestigia
856 1310 1029 1397 diligenter
1050 1312 1176 1399 pressit,
1199 1312 1298 1380 immo

157 1422 307 1504 permultae
334 1423 467 1509 glossae
488 1420 666 1504 restabunt,
689 1440 771 1507 quas
792 1418 902 1485 uarias
925 1419 967 1486 ob
991 1440 1105 1486 causas
1133 1440 1300 1509 nunquam

158 1526 271 1603 norun
284 1536 337 1598 est
359 1536 397 1597 nt
417 1531 452 1596 in
468 1528 645 1617 genorinum
658 1526 805 1597 ordinem
818 1548 976 1614 reponere
997 1528 1104 1613 liceat,
1126 1529 1190 1595 nisi
1205 1568 1248 1579 -
1264 1529 1300 1596 id

156 1637 217 1722 quod
235 1659 352 1706 uereor
372 1658 415 1704 ne
434 1659 563 1725 semper
583 1637 668 1703 inter
688 1636 745 1724 pia
766 1641 845 1703 uota
869 1635 1063 1703 exhibeatur
1076 1675 1117 1687 -
1131 1639 1302 1726 exemplar

154 1745 255 1831 plonius
270 1753 305 1816 at
319 1748 468 1815 natiuum
483 1746 591 1830 adhuc
605 1745 751 1813 ordinem
766 1765 900 1812 seruans
915 1746 1026 1811 naneti
1048 1746 1176 1813 erimus.
1223 1768 1305 1836 quo·

154 1851 216 1918 uiroc
235 1854 393 1922 lubricam
415 1875 480 1942 qna
502 1854 581 1923 mihi
602 1853 751 1940 Heringa
772 1854 912 1942 praeiuit
934 1855 1024 1921 uiam
1045 1853 1172 1941 ingredi
1202 1856 1302 1923 ualde

155 1958 287 2046 dubitaui,
322 1983 520 2051 quamquam
549 1961 583 2028 id
606 1982 727 2029 nouum
749 1961 907 2029 editorem
935 1962 1074 2029 iusserat
1096 1961 1302 2048 Daremberg

154 2065 275 2136 inlibro
297 2069 350 2135 cui
382 2068 555 2156 inscripsit,
590 2068 705 2133 actioso
733 2081 761 2133 et
783 2071 914 2135 cocto-oin
944 2069 998 2134 deo
1018 2068 1207 2135 moooocofa
1237 2074 1300 2135 md·

159 2171 249 2241 dmum
268 2198 368 2264 preco,
392 2175 488 2241 latim
510 2188 539 2240 ct
551 2174 707 2261 frangatis
728 2176 781 2242 deo
796 2177 996 2265 pnoooipclce
1024 2176 1243 2266 &tinctaque
1262 2176 1301 2242 da
1329 2240 1331 2244 ,
1456 2176 1461 2185 '

162 2276 279 2372 {Europe
288 2306 323 2372 p.
336 2291 411 2351 221.
452 2306 515 2371 quc
531 2284 661 2352 adsedit
672 2286 759 2374 quod
774 2287 885 2365 λέξεων
897 2285 1068 2376 συναγωγή,
1085 2286 1190 2373 qualis
1204 2285 1302 2353 hodie

159 2384 343 2459 boodicibus
358 2393 414 2479 qni
436 2392 645 2460 innotuerunt
660 2394 808 2461 omnibus
829 2395 1059 2481 circumfertur,
1079 2416 1145 2461 non
1167 2394 1303 2461 confusa

155 2497 236 2564 solum
267 2505 301 2567 et
332 2499 368 2565 in
390 2500 522 2567 breuius
550 2506 714 2568 eontracta
744 2523 858 2569 uerum
881 2505 981 2571 etiam
1002 2523 1118 2570 monos
1139 2506 1173 2568 ct
1186 2501 1303 2567 mutila

152 2610 196 2671 ooo
218 2607 304 2677 ouius
328 2607 376 2675 rei
395 2608 593 2675 luculentum
606 2609 728 2697 petitur
749 2616 976 2696 argumentum
1000 2631 1043 2677 ex
1065 2628 1186 2695 mogun
1208 2606 1302 2675 sohe-

149 2710 245 2781 borum
259 2715 364 2804 copia,
380 2736 465 2804 quse
479 2715 514 2783 in
528 2716 728 2802 marginibus
742 2717 914 2783 meliorum
927 2715 1136 2805 Hippocratis
1153 2714 1301 2781 codicum

150 2821 294 2912 adscripta
317 2825 477 2910 leguntur.
525 2844 566 2893 ea
586 2825 673 2892 enim
701 2825 835 2893 uocibus
865 2824 1065 2914 exponendis
1094 2822 1304 2890 inseruientia
1328 2900 1346 2909 ,Ι

148 2950 182 2996 cr
217 2931 364 2998 Erotiani
392 2932 502 2999 libello
532 2938 570 2999 ut
606 2934 768 3001 communi
804 2935 894 3002 fonte
927 2934 1044 3000 heusta
1073 2952 1144 2998 esse
1177 2929 1301 3018 optimo
1330 2924 1335 2933 '

147 3036 204 3106 inre
225 3040 362 3107 coniecit
392 3040 596 3128 Daremberg
631 3041 654 3107 l.
688 3042 710 3107 l.
743 3062 777 3130 p.
813 3049 888 3127 199,
919 3040 974 3130 qui
1004 3060 1157 3127 magnam
1190 3050 1308 3107 eorum

145 3153 300 3232 parteme
331 3147 494 3215 codicibus
521 3148 689 3216 Vaticanis
722 3149 844 3238 primus
871 3148 906 3215 in
939 3148 1044 3215 lucem
1077 3146 1238 3235 protraxit
1269 3151 1305 3213 st

143 3255 254 3340 publici
280 3255 358 3323 iuris
380 3256 467 3323 feeit.
511 3256 699 3345 siquidem,
721 3261 797 3325 uta
819 3255 994 3323 leuioribus
1004 3276 1088 3345 quae
1099 3255 1134 3322 id
1150 3256 1303 3323 euincunt

145 3362 333 3448 argumentis
353 3363 482 3431 initium
496 3365 672 3451 capiamus,
687 3363 797 3430 omnia
819 3363 967 3430 Erotiani
981 3382 1055 3430 oum
1068 3363 1304 3453 interpretandi
1441 3352 1445 3359 ’

143 3488 256 3539 morem
278 3479 357 3557 tum,
379 3471 414 3537 id
432 3469 519 3558 quod
540 3470 576 3537 in
597 3470 660 3538 hac
679 3490 716 3537 re
738 3469 944 3538 diiudicanda
964 3492 1031 3539 non
1053 3473 1163 3560 exigui
1187 3492 1301 3541 censeo

204 3710 250 3778 bo)
268 3708 387 3763 Eandem
414 3724 492 3776 quam
515 3708 655 3761 Erotionus
684 3709 777 3758 scrtom
805 3708 913 3773 experte
935 3710 997 3758 suot
1017 3705 1069 3758 duo
1093 3706 1147 3757 olio
1169 3706 1303 3773 glossaria,

143 3799 241 3853 diarum
261 3801 334 3869 qnod
351 3802 449 3854 dicitur
465 3800 651 3862 Hcrodcteom,
662 3798 779 3864 Oppiani
796 3799 907 3849 altarum
918 3806 935 3848 a
946 3797 1083 3863 Rutgcrsio
1095 3812 1151 3847 ucr.
1163 3796 1223 3847 leot.
1235 3797 1274 3847 VI
1285 3790 1316 3844 δ’

143 3891 218 3954 princ
235 3892 343 3944 aditum.
379 3891 443 3943 hnic
459 3889 597 3956 pristinum
615 3888 731 3941 ordinem
748 3887 862 3939 reddi-iit
880 3902 915 3937 ex
931 3886 1019 3937 codice
1036 3886 1180 3939 Deruillins
1203 3885 1232 3934 in
1257 3883 1304 3949 nd:

143 3982 270 4035 »solinneio
288 3981 518 4036 obseruationibus
537 3980 589 4031 nol.
602 3978 682 4028 VIIII
700 3994 726 4044 p.
741 3980 792 4029 100
810 3993 875 4043 sqq.¹
894 3976 935 4026 illi
954 3977 1019 4026 forte
1043 3976 1146 4026 fortune
1168 3990 1182 4026 e
1200 3974 1303 4025 duobus

144 4074 265 4128 codicibus
287 4073 490 4135 Perisiensibus,
510 4070 543 4120 do
563 4084 672 4135 quornm
700 4084 752 4119 uno
778 4068 840 4118 uide
858 4067 1025 4117 Montfaucon
1048 4062 1169 4116 biblioth.
1182 4053 1302 4115 'eornm

144 4176 165 4228 p.
181 4167 243 4233 184,-
254 4167 442 4223 rsncnclnnnre
459 4160 572 4230 poterin
591 4160 620 4213 id
643 4160 713 4228 qnod
734 4159 788 4212 clio
810 4159 869 4213 loco
889 4161 916 4210 et
939 4161 1054 4225 ternpore
1076 4156 1163 4208 mcccc
1183 4153 1248 4207 mihi
1275 4154 1303 4208 in

145 4256 219 4307 tuine
235 4262 280 4311 eet.
1235 4252 1239 4259 '
