<?xml version="1.0" encoding="UTF-8"?>
<!DOCTYPE html PUBLIC "-//W3C//DTD XHTML 1.0 Transitional//EN"
    "http://www.w3.org/TR/xhtml1/DTD/xhtml1-transitional.dtd">
<html xmlns="http://www.w3.org/1999/xhtml" xml:lang="en" lang="en">
 <head>
  <title>
</title>
<meta http-equiv="Content-Type" content="text/html;charset=utf-8" />
  <meta name='ocr-system' content='tesseract 3.04.00' />
  <meta name='ocr-capabilities' content='ocr_page ocr_carea ocr_par ocr_line ocrx_word'/>
</head>
<body>
  <div class='ocr_page' id='page_1' title='image "./erotianivocvmhi00erotgoog_0067.png"; bbox 0 0 2946 4620; ppageno 0'>
   <div class='ocr_carea' id='block_1_1' title="bbox 760 234 865 339">
    <p class='ocr_par' dir='ltr' id='par_1_1' title="bbox 760 234 865 339">
     <span class='ocr_line' id='line_1_1' title="bbox 760 234 865 339; baseline 0 0"><span class='ocrx_word' id='word_1_1' title='bbox 760 234 865 339; x_wconf 71' lang='lat' dir='ltr'><strong>nium</strong></span> 
     </span>
    </p>
   </div>
   <div class='ocr_carea' id='block_1_2' title="bbox 220 461 1399 3251">
    <p class='ocr_par' dir='ltr' id='par_1_2' title="bbox 221 461 1398 662">
     <span class='ocr_line' id='line_1_2' title="bbox 221 461 1398 553; baseline -0.003 -22"><span class='ocrx_word' id='word_1_2' title='bbox 221 462 380 533; x_wconf 82' lang='lat' dir='ltr'><strong>¹Latinum</strong></span> <span class='ocrx_word' id='word_1_3' title='bbox 402 467 562 533; x_wconf 80' lang='lat' dir='ltr'><strong>recensuit</strong></span> <span class='ocrx_word' id='word_1_4' title='bbox 581 467 587 553; x_wconf 82' lang='grc' dir='ltr'>Ι</span> <span class='ocrx_word' id='word_1_5' title='bbox 607 486 646 532; x_wconf 88' lang='lat' dir='ltr'><strong>ac</strong></span> <span class='ocrx_word' id='word_1_6' title='bbox 678 464 842 552; x_wconf 84' lang='lat' dir='ltr'><strong>perpetuis</strong></span> <span class='ocrx_word' id='word_1_7' title='bbox 866 461 1101 530; x_wconf 84' lang='lat' dir='ltr'><strong>commentariis</strong></span> <span class='ocrx_word' id='word_1_8' title='bbox 1134 461 1308 526; x_wconf 85' lang='lat' dir='ltr'><strong>illustrauit</strong></span> <span class='ocrx_word' id='word_1_9' title='bbox 1329 465 1398 527; x_wconf 86' lang='lat' dir='ltr'><strong>tum</strong></span> 
     </span>
     <span class='ocr_line' id='line_1_3' title="bbox 229 570 1202 662; baseline -0.004 -24"><span class='ocrx_word' id='word_1_10' title='bbox 229 573 336 658; x_wconf 89' lang='lat' dir='ltr'><strong>quoad</strong></span> <span class='ocrx_word' id='word_1_11' title='bbox 359 575 573 659; x_wconf 82' lang='lat' dir='ltr'><strong>graecismum</strong></span> <span class='ocrx_word' id='word_1_12' title='bbox 593 577 598 662; x_wconf 81' lang='grc' dir='ltr'>Ι</span> <span class='ocrx_word' id='word_1_13' title='bbox 618 579 687 639; x_wconf 85' lang='lat' dir='ltr'><strong>tum</strong></span> <span class='ocrx_word' id='word_1_14' title='bbox 711 571 819 660; x_wconf 88' lang='lat' dir='ltr'><strong>quoad</strong></span> <span class='ocrx_word' id='word_1_15' title='bbox 841 571 1012 637; x_wconf 75' lang='lat' dir='ltr'><strong>materiam</strong></span> <span class='ocrx_word' id='word_1_16' title='bbox 1033 570 1202 636; x_wconf 78' lang='lat' dir='ltr'><strong>medicem.</strong></span> 
     </span>
    </p>

    <p class='ocr_par' dir='ltr' id='par_1_3' title="bbox 312 677 1398 767">
     <span class='ocr_line' id='line_1_4' title="bbox 312 677 1398 767; baseline -0.004 -21"><span class='ocrx_word' id='word_1_17' title='bbox 312 680 442 747; x_wconf 82' lang='lat' dir='ltr'><strong>Folium</strong></span> <span class='ocrx_word' id='word_1_18' title='bbox 456 684 605 765; x_wconf 87' lang='lat' dir='ltr'><strong>alterum,</strong></span> <span class='ocrx_word' id='word_1_19' title='bbox 622 679 710 767; x_wconf 89' lang='lat' dir='ltr'><strong>qnod</strong></span> <span class='ocrx_word' id='word_1_20' title='bbox 724 679 759 743; x_wconf 92' lang='lat' dir='ltr'><strong>in</strong></span> <span class='ocrx_word' id='word_1_21' title='bbox 782 677 907 745; x_wconf 89' lang='lat' dir='ltr'><strong>duobus</strong></span> <span class='ocrx_word' id='word_1_22' title='bbox 929 677 1084 744; x_wconf 90' lang='lat' dir='ltr'><strong>columnis</strong></span> <span class='ocrx_word' id='word_1_23' title='bbox 1106 677 1208 743; x_wconf 87' lang='lat' dir='ltr'><strong>uerba</strong></span> <span class='ocrx_word' id='word_1_24' title='bbox 1231 696 1348 761; x_wconf 53' lang='lat' dir='ltr'><strong>macca</strong></span> <span class='ocrx_word' id='word_1_25' title='bbox 1364 681 1398 742; x_wconf 89' lang='lat' dir='ltr'><strong>et</strong></span> 
     </span>
    </p>

    <p class='ocr_par' dir='ltr' id='par_1_4' title="bbox 221 783 1397 2035">
     <span class='ocr_line' id='line_1_5' title="bbox 230 783 1397 873; baseline -0.003 -22"><span class='ocrx_word' id='word_1_26' title='bbox 230 787 411 855; x_wconf 73' lang='lat' dir='ltr'><strong>nonnionem</strong></span> <span class='ocrx_word' id='word_1_27' title='bbox 444 788 579 854; x_wconf 88' lang='lat' dir='ltr'><strong>latinam</strong></span> <span class='ocrx_word' id='word_1_28' title='bbox 618 787 660 853; x_wconf 90' lang='lat' dir='ltr'><strong>ah</strong></span> <span class='ocrx_word' id='word_1_29' title='bbox 693 786 765 873; x_wconf 88' lang='lat' dir='ltr'><strong>ipso</strong></span> <span class='ocrx_word' id='word_1_30' title='bbox 803 784 958 852; x_wconf 75' lang='lat' dir='ltr'><strong>(lattieric</strong></span> <span class='ocrx_word' id='word_1_31' title='bbox 996 784 1116 850; x_wconf 82' lang='lat' dir='ltr'><strong>factam</strong></span> <span class='ocrx_word' id='word_1_32' title='bbox 1149 783 1292 867; x_wconf 62' lang='lat' dir='ltr'><strong>exhibet,</strong></span> <span class='ocrx_word' id='word_1_33' title='bbox 1324 804 1397 869; x_wconf 90' lang='lat' dir='ltr'><strong>spe-</strong></span> 
     </span>
     <span class='ocr_line' id='line_1_6' title="bbox 225 889 1397 979; baseline -0.004 -20"><span class='ocrx_word' id='word_1_34' title='bbox 225 891 351 960; x_wconf 88' lang='lat' dir='ltr'><strong>ciminis</strong></span> <span class='ocrx_word' id='word_1_35' title='bbox 364 915 463 961; x_wconf 88' lang='lat' dir='ltr'><strong>causa</strong></span> <span class='ocrx_word' id='word_1_36' title='bbox 485 895 655 961; x_wconf 81' lang='lat' dir='ltr'><strong>articulum</strong></span> <span class='ocrx_word' id='word_1_37' title='bbox 676 893 816 977; x_wconf 79' lang='grc' dir='ltr'><strong><em>α’λυσμόν</em></strong></span> <span class='ocrx_word' id='word_1_38' title='bbox 838 892 990 976; x_wconf 82' lang='lat' dir='ltr'><strong>continet,</strong></span> <span class='ocrx_word' id='word_1_39' title='bbox 1006 892 1040 958; x_wconf 90' lang='lat' dir='ltr'><strong>in</strong></span> <span class='ocrx_word' id='word_1_40' title='bbox 1051 913 1114 979; x_wconf 92' lang='lat' dir='ltr'><strong>quo</strong></span> <span class='ocrx_word' id='word_1_41' title='bbox 1130 892 1227 956; x_wconf 88' lang='lat' dir='ltr'><strong>hasce</strong></span> <span class='ocrx_word' id='word_1_42' title='bbox 1241 889 1397 955; x_wconf 89' lang='lat' dir='ltr'><strong>lectiones</strong></span> 
     </span>
     <span class='ocr_line' id='line_1_7' title="bbox 223 994 1397 1091; baseline -0.007 -22"><span class='ocrx_word' id='word_1_43' title='bbox 223 1002 331 1070; x_wconf 74' lang='lat' dir='ltr'><strong>uarias</strong></span> <span class='ocrx_word' id='word_1_44' title='bbox 354 1001 505 1068; x_wconf 82' lang='lat' dir='ltr'><strong>anolaui:</strong></span> <span class='ocrx_word' id='word_1_45' title='bbox 528 1004 573 1089; x_wconf 83' lang='lat' dir='ltr'><strong>(p.</strong></span> <span class='ocrx_word' id='word_1_46' title='bbox 591 1003 696 1088; x_wconf 60' lang='lat' dir='ltr'><strong>SM)</strong></span> <span class='ocrx_word' id='word_1_47' title='bbox 718 1005 752 1067; x_wconf 81' lang='grc' dir='ltr'><strong>ἐν</strong></span> <span class='ocrx_word' id='word_1_48' title='bbox 774 994 933 1091; x_wconf 61' lang='lat' dir='ltr'><strong>apd—cic</strong></span> <span class='ocrx_word' id='word_1_49' title='bbox 955 1001 1067 1088; x_wconf 71' lang='grc' dir='ltr'><em>ἔφαθ’·</em></span> <span class='ocrx_word' id='word_1_50' title='bbox 1090 1000 1112 1086; x_wconf 77' lang='grc' dir='ltr'><strong>η’</strong></span> <span class='ocrx_word' id='word_1_51' title='bbox 1131 1001 1167 1066; x_wconf 72' lang='grc' dir='ltr'><strong>δὲ</strong></span> <span class='ocrx_word' id='word_1_52' title='bbox 1192 1039 1233 1049; x_wconf 92' lang='lat'>-</span> <span class='ocrx_word' id='word_1_53' title='bbox 1256 997 1397 1066; x_wconf 74' lang='grc' dir='ltr'><strong><em>α’λύουσα</em></strong></span> 
     </span>
     <span class='ocr_line' id='line_1_8' title="bbox 221 1105 761 1197; baseline -0.009 -20"><span class='ocrx_word' id='word_1_54' title='bbox 221 1107 401 1194; x_wconf 67' lang='grc' dir='ltr'><strong>ἀποβήσοιτο</strong></span> <span class='ocrx_word' id='word_1_55' title='bbox 421 1145 464 1158; x_wconf 91' lang='lat'><em>-</em></span> <span class='ocrx_word' id='word_1_56' title='bbox 488 1110 521 1174; x_wconf 72' lang='grc' dir='ltr'><strong>ἓν</strong></span> <span class='ocrx_word' id='word_1_57' title='bbox 545 1111 590 1197; x_wconf 79' lang='grc' dir='ltr'><strong>τῷ</strong></span> <span class='ocrx_word' id='word_1_58' title='bbox 613 1105 761 1197; x_wconf 76' lang='grc' dir='ltr'><strong>τετάρτῳ.</strong></span> 
     </span>
     <span class='ocr_line' id='line_1_9' title="bbox 226 1209 1394 1300; baseline 0.003 -23"><span class='ocrx_word' id='word_1_59' title='bbox 226 1268 230 1277; x_wconf 86' lang='lat'><strong>.</strong></span> <span class='ocrx_word' id='word_1_60' title='bbox 312 1213 394 1280; x_wconf 90' lang='lat' dir='ltr'><strong>Post</strong></span> <span class='ocrx_word' id='word_1_61' title='bbox 428 1213 582 1280; x_wconf 75' lang='lat' dir='ltr'><strong>Faenium</strong></span> <span class='ocrx_word' id='word_1_62' title='bbox 617 1213 716 1300; x_wconf 75' lang='lat' dir='ltr'><strong>igitir</strong></span> <span class='ocrx_word' id='word_1_63' title='bbox 737 1213 824 1279; x_wconf 87' lang='lat' dir='ltr'><strong>solus</strong></span> <span class='ocrx_word' id='word_1_64' title='bbox 853 1218 903 1279; x_wconf 90' lang='lat' dir='ltr'><strong>est</strong></span> <span class='ocrx_word' id='word_1_65' title='bbox 936 1211 1154 1279; x_wconf 80' lang='lat' dir='ltr'><strong>Adrianus</strong></span> <span class='ocrx_word' id='word_1_66' title='bbox 1184 1209 1394 1300; x_wconf 86' lang='lat' dir='ltr'><strong>Heringa,</strong></span> 
     </span>
     <span class='ocr_line' id='line_1_10' title="bbox 223 1319 1395 1410; baseline -0.003 -21"><span class='ocrx_word' id='word_1_67' title='bbox 223 1322 280 1410; x_wconf 86' lang='lat' dir='ltr'><strong>qui</strong></span> <span class='ocrx_word' id='word_1_68' title='bbox 308 1322 343 1386; x_wconf 92' lang='lat' dir='ltr'><strong>in</strong></span> <span class='ocrx_word' id='word_1_69' title='bbox 366 1322 644 1388; x_wconf 86' lang='lat' dir='ltr'><strong>obseruationibus</strong></span> <span class='ocrx_word' id='word_1_70' title='bbox 672 1322 788 1389; x_wconf 85' lang='lat' dir='ltr'><strong>criticis</strong></span> <span class='ocrx_word' id='word_1_71' title='bbox 809 1322 1003 1389; x_wconf 82' lang='lat' dir='ltr'><strong>Enctianum</strong></span> <span class='ocrx_word' id='word_1_72' title='bbox 1020 1327 1088 1388; x_wconf 88' lang='lat' dir='ltr'><strong>arte</strong></span> <span class='ocrx_word' id='word_1_73' title='bbox 1101 1322 1210 1387; x_wconf 87' lang='lat' dir='ltr'><strong>critica</strong></span> <span class='ocrx_word' id='word_1_74' title='bbox 1232 1319 1395 1386; x_wconf 87' lang='lat' dir='ltr'><strong>tractauit.</strong></span> 
     </span>
     <span class='ocr_line' id='line_1_11' title="bbox 221 1428 1396 1517; baseline -0.003 -22"><span class='ocrx_word' id='word_1_75' title='bbox 221 1429 253 1495; x_wconf 82' lang='lat' dir='ltr'><strong>io</strong></span> <span class='ocrx_word' id='word_1_76' title='bbox 285 1429 361 1496; x_wconf 89' lang='lat' dir='ltr'><strong>lioet</strong></span> <span class='ocrx_word' id='word_1_77' title='bbox 395 1430 545 1497; x_wconf 85' lang='lat' dir='ltr'><strong>subsidiis</strong></span> <span class='ocrx_word' id='word_1_78' title='bbox 569 1451 683 1496; x_wconf 68' lang='lat' dir='ltr'><strong>‘manu</strong></span> <span class='ocrx_word' id='word_1_79' title='bbox 720 1429 846 1517; x_wconf 84' lang='lat' dir='ltr'><strong>scriptis</strong></span> <span class='ocrx_word' id='word_1_80' title='bbox 880 1429 1010 1516; x_wconf 88' lang='lat' dir='ltr'><strong>quidem</strong></span> <span class='ocrx_word' id='word_1_81' title='bbox 1043 1449 1109 1494; x_wconf 88' lang='lat' dir='ltr'><strong>non</strong></span> <span class='ocrx_word' id='word_1_82' title='bbox 1143 1428 1271 1493; x_wconf 81' lang='lat' dir='ltr'><strong>adiutus</strong></span> <span class='ocrx_word' id='word_1_83' title='bbox 1309 1433 1396 1493; x_wconf 87' lang='lat' dir='ltr'><strong>esset</strong></span> 
     </span>
     <span class='ocr_line' id='line_1_12' title="bbox 224 1533 1397 1624; baseline -0.003 -23"><span class='ocrx_word' id='word_1_84' title='bbox 224 1540 336 1601; x_wconf 82' lang='lat' dir='ltr'><strong>tamen</strong></span> <span class='ocrx_word' id='word_1_85' title='bbox 358 1537 474 1602; x_wconf 84' lang='lat' dir='ltr'><strong>notitia</strong></span> <span class='ocrx_word' id='word_1_86' title='bbox 495 1536 705 1624; x_wconf 83' lang='lat' dir='ltr'><strong>Hippocratis</strong></span> <span class='ocrx_word' id='word_1_87' title='bbox 727 1537 846 1603; x_wconf 84' lang='lat' dir='ltr'><strong>eximia</strong></span> <span class='ocrx_word' id='word_1_88' title='bbox 861 1537 1033 1602; x_wconf 82' lang='lat' dir='ltr'><strong>instmotus</strong></span> <span class='ocrx_word' id='word_1_89' title='bbox 1048 1555 1206 1622; x_wconf 89' lang='lat' dir='ltr'><strong>perquam</strong></span> <span class='ocrx_word' id='word_1_90' title='bbox 1228 1534 1331 1600; x_wconf 89' lang='lat' dir='ltr'><strong>multa</strong></span> <span class='ocrx_word' id='word_1_91' title='bbox 1354 1533 1397 1598; x_wconf 88' lang='lat' dir='ltr'><strong>ad</strong></span> 
     </span>
     <span class='ocr_line' id='line_1_13' title="bbox 225 1638 1395 1731; baseline 0.003 -25"><span class='ocrx_word' id='word_1_92' title='bbox 225 1638 373 1708; x_wconf 83' lang='lat' dir='ltr'><strong>Erotiani</strong></span> <span class='ocrx_word' id='word_1_93' title='bbox 394 1644 655 1712; x_wconf 77' lang='lat' dir='ltr'><strong>emendationem</strong></span> <span class='ocrx_word' id='word_1_94' title='bbox 678 1644 814 1711; x_wconf 87' lang='lat' dir='ltr'><strong>contulit</strong></span> <span class='ocrx_word' id='word_1_95' title='bbox 835 1643 990 1711; x_wconf 87' lang='lat' dir='ltr'><strong>etordine</strong></span> <span class='ocrx_word' id='word_1_96' title='bbox 1017 1664 1113 1731; x_wconf 89' lang='lat' dir='ltr'><strong>quem</strong></span> <span class='ocrx_word' id='word_1_97' title='bbox 1136 1663 1234 1730; x_wconf 89' lang='lat' dir='ltr'><strong>supra</strong></span> <span class='ocrx_word' id='word_1_98' title='bbox 1242 1665 1275 1730; x_wconf 91' lang='lat' dir='ltr'><strong>p.</strong></span> <span class='ocrx_word' id='word_1_99' title='bbox 1288 1641 1395 1709; x_wconf 79' lang='lat' dir='ltr'>XIHI</span> 
     </span>
     <span class='ocr_line' id='line_1_14' title="bbox 224 1750 1395 1838; baseline 0.001 -25"><span class='ocrx_word' id='word_1_100' title='bbox 224 1750 401 1833; x_wconf 79' lang='lat' dir='ltr'><strong>genuinum</strong></span> <span class='ocrx_word' id='word_1_101' title='bbox 435 1772 506 1819; x_wconf 90' lang='lat' dir='ltr'><strong>esse</strong></span> <span class='ocrx_word' id='word_1_102' title='bbox 539 1750 790 1838; x_wconf 82' lang='lat' dir='ltr'><strong>significauimns</strong></span> <span class='ocrx_word' id='word_1_103' title='bbox 811 1751 968 1838; x_wconf 84' lang='lat' dir='ltr'><strong>indagato</strong></span> <span class='ocrx_word' id='word_1_104' title='bbox 1001 1756 1035 1818; x_wconf 86' lang='lat' dir='ltr'><strong>et</strong></span> <span class='ocrx_word' id='word_1_105' title='bbox 1057 1751 1172 1837; x_wconf 81' lang='lat' dir='ltr'><strong>glossis</strong></span> <span class='ocrx_word' id='word_1_106' title='bbox 1196 1773 1238 1817; x_wconf 87' lang='lat' dir='ltr'><strong>ex</strong></span> <span class='ocrx_word' id='word_1_107' title='bbox 1267 1752 1395 1838; x_wconf 90' lang='lat' dir='ltr'><strong>Hippo-</strong></span> 
     </span>
     <span class='ocr_line' id='line_1_15' title="bbox 225 1859 1394 1949; baseline -0.001 -26"><span class='ocrx_word' id='word_1_108' title='bbox 225 1861 314 1925; x_wconf 81' lang='lat' dir='ltr'><strong>crate</strong></span> <span class='ocrx_word' id='word_1_109' title='bbox 333 1859 484 1929; x_wconf 85' lang='lat' dir='ltr'><strong>correctis</strong></span> <span class='ocrx_word' id='word_1_110' title='bbox 507 1859 748 1949; x_wconf 80' lang='lat' dir='ltr'><strong>explicatisque</strong></span> <span class='ocrx_word' id='word_1_111' title='bbox 794 1859 969 1927; x_wconf 78' lang='lat' dir='ltr'><strong>editionem</strong></span> <span class='ocrx_word' id='word_1_112' title='bbox 990 1863 1099 1926; x_wconf 85' lang='lat' dir='ltr'><strong>autem</strong></span> <span class='ocrx_word' id='word_1_113' title='bbox 1123 1859 1165 1924; x_wconf 85' lang='lat' dir='ltr'><strong>ab</strong></span> <span class='ocrx_word' id='word_1_114' title='bbox 1187 1879 1226 1926; x_wconf 89' lang='lat' dir='ltr'><strong>eo</strong></span> <span class='ocrx_word' id='word_1_115' title='bbox 1250 1864 1394 1925; x_wconf 88' lang='lat' dir='ltr'><strong>curatam</strong></span> 
     </span>
     <span class='ocr_line' id='line_1_16' title="bbox 224 1967 498 2035; baseline 0.015 -4"><span class='ocrx_word' id='word_1_116' title='bbox 224 1986 292 2031; x_wconf 90' lang='lat' dir='ltr'><strong>non</strong></span> <span class='ocrx_word' id='word_1_117' title='bbox 313 1986 386 2033; x_wconf 89' lang='lat' dir='ltr'><strong>esse</strong></span> <span class='ocrx_word' id='word_1_118' title='bbox 407 1967 498 2035; x_wconf 87' lang='lat' dir='ltr'><strong>seito.</strong></span> 
     </span>
    </p>

    <p class='ocr_par' dir='ltr' id='par_1_5' title="bbox 220 2070 1399 3251">
     <span class='ocr_line' id='line_1_17' title="bbox 315 2070 1391 2165; baseline -0.002 -27"><span class='ocrx_word' id='word_1_119' title='bbox 315 2070 455 2143; x_wconf 82' lang='lat' dir='ltr'><strong>Recenti</strong></span> <span class='ocrx_word' id='word_1_120' title='bbox 493 2076 631 2165; x_wconf 85' lang='lat' dir='ltr'><strong>denique</strong></span> <span class='ocrx_word' id='word_1_121' title='bbox 667 2077 822 2145; x_wconf 84' lang='lat' dir='ltr'><strong>memoria</strong></span> <span class='ocrx_word' id='word_1_122' title='bbox 864 2075 1069 2142; x_wconf 77' lang='lat' dir='ltr'><strong>Frannins</strong></span> <span class='ocrx_word' id='word_1_123' title='bbox 1102 2074 1296 2141; x_wconf 83' lang='lat' dir='ltr'><strong>Erotiannm</strong></span> <span class='ocrx_word' id='word_1_124' title='bbox 1329 2093 1391 2140; x_wconf 87' lang='lat' dir='ltr'><strong>una</strong></span> 
     </span>
     <span class='ocr_line' id='line_1_18' title="bbox 225 2178 1394 2271; baseline 0 -26"><span class='ocrx_word' id='word_1_125' title='bbox 225 2198 301 2245; x_wconf 84' lang='lat' dir='ltr'><strong>sum</strong></span> <span class='ocrx_word' id='word_1_126' title='bbox 323 2178 440 2247; x_wconf 79' lang='lat' dir='ltr'><strong>Galeni</strong></span> <span class='ocrx_word' id='word_1_127' title='bbox 469 2184 697 2270; x_wconf 85' lang='lat' dir='ltr'><strong>explanatione</strong></span> <span class='ocrx_word' id='word_1_128' title='bbox 731 2204 848 2250; x_wconf 90' lang='lat' dir='ltr'><strong>uocum</strong></span> <span class='ocrx_word' id='word_1_129' title='bbox 880 2182 1183 2271; x_wconf 88' lang='lat' dir='ltr'><strong>Hippocraticarum</strong></span> <span class='ocrx_word' id='word_1_130' title='bbox 1216 2187 1251 2248; x_wconf 94' lang='lat' dir='ltr'><strong>et</strong></span> <span class='ocrx_word' id='word_1_131' title='bbox 1282 2179 1394 2247; x_wconf 84' lang='lat' dir='ltr'><strong>incerti</strong></span> 
     </span>
     <span class='ocr_line' id='line_1_19' title="bbox 225 2287 1394 2393; baseline 0.003 -43"><span class='ocrx_word' id='word_1_132' title='bbox 225 2287 364 2353; x_wconf 82' lang='lat' dir='ltr'><strong>auctoris</strong></span> <span class='ocrx_word' id='word_1_133' title='bbox 386 2289 491 2356; x_wconf 80' lang='lat' dir='ltr'><strong>lexico</strong></span> <span class='ocrx_word' id='word_1_134' title='bbox 512 2290 699 2359; x_wconf 87' lang='lat' dir='ltr'><strong>Herodoteo</strong></span> <span class='ocrx_word' id='word_1_135' title='bbox 714 2291 825 2393; x_wconf 77' lang='lat' dir='ltr'><strong>edidit</strong></span> <span class='ocrx_word' id='word_1_136' title='bbox 838 2290 970 2379; x_wconf 84' lang='lat' dir='ltr'><strong>Lipsiae</strong></span> <span class='ocrx_word' id='word_1_137' title='bbox 984 2298 1080 2357; x_wconf 76' lang='lat'>1780.</span> <span class='ocrx_word' id='word_1_138' title='bbox 1126 2310 1203 2355; x_wconf 88' lang='lat' dir='ltr'><strong>usus</strong></span> <span class='ocrx_word' id='word_1_139' title='bbox 1217 2294 1268 2355; x_wconf 87' lang='lat' dir='ltr'><strong>est</strong></span> <span class='ocrx_word' id='word_1_140' title='bbox 1283 2288 1394 2356; x_wconf 85' lang='lat' dir='ltr'><strong>codice</strong></span> 
     </span>
     <span class='ocr_line' id='line_1_20' title="bbox 220 2392 1389 2484; baseline 0.003 -26"><span class='ocrx_word' id='word_1_141' title='bbox 220 2392 434 2480; x_wconf 70' lang='lat' dir='ltr'><strong>Dammana,</strong></span> <span class='ocrx_word' id='word_1_142' title='bbox 458 2396 547 2464; x_wconf 87' lang='lat' dir='ltr'><strong>cuins</strong></span> <span class='ocrx_word' id='word_1_143' title='bbox 581 2398 734 2466; x_wconf 85' lang='lat' dir='ltr'><strong>lectiones</strong></span> <span class='ocrx_word' id='word_1_144' title='bbox 755 2399 791 2465; x_wconf 92' lang='lat' dir='ltr'><strong>in</strong></span> <span class='ocrx_word' id='word_1_145' title='bbox 811 2398 1076 2467; x_wconf 83' lang='lat' dir='ltr'><strong>commentarium</strong></span> <span class='ocrx_word' id='word_1_146' title='bbox 1098 2398 1243 2465; x_wconf 83' lang='lat' dir='ltr'><strong>criticum</strong></span> <span class='ocrx_word' id='word_1_147' title='bbox 1257 2396 1389 2484; x_wconf 87' lang='lat' dir='ltr'><strong>recepit.</strong></span> 
     </span>
     <span class='ocr_line' id='line_1_21' title="bbox 223 2501 1395 2595; baseline 0.002 -27"><span class='ocrx_word' id='word_1_148' title='bbox 223 2501 283 2569; x_wconf 85' lang='lat' dir='ltr'><strong>sed</strong></span> <span class='ocrx_word' id='word_1_149' title='bbox 305 2502 387 2568; x_wconf 88' lang='lat' dir='ltr'><strong>nihil</strong></span> <span class='ocrx_word' id='word_1_150' title='bbox 409 2504 539 2571; x_wconf 91' lang='lat' dir='ltr'><strong>omnino</strong></span> <span class='ocrx_word' id='word_1_151' title='bbox 568 2505 729 2592; x_wconf 87' lang='lat' dir='ltr'><strong>praestitit</strong></span> <span class='ocrx_word' id='word_1_152' title='bbox 760 2505 823 2571; x_wconf 88' lang='lat' dir='ltr'><strong>nisi</strong></span> <span class='ocrx_word' id='word_1_153' title='bbox 860 2506 947 2595; x_wconf 89' lang='lat' dir='ltr'><strong>quod</strong></span> <span class='ocrx_word' id='word_1_154' title='bbox 980 2527 1046 2573; x_wconf 88' lang='lat' dir='ltr'><strong>nno</strong></span> <span class='ocrx_word' id='word_1_155' title='bbox 1082 2507 1154 2572; x_wconf 94' lang='lat' dir='ltr'><strong>loco</strong></span> <span class='ocrx_word' id='word_1_156' title='bbox 1193 2507 1239 2592; x_wconf 86' lang='lat' dir='ltr'><strong>(p.</strong></span> <span class='ocrx_word' id='word_1_157' title='bbox 1273 2512 1326 2590; x_wconf 85' lang='grc'><strong>91,</strong></span> <span class='ocrx_word' id='word_1_158' title='bbox 1361 2506 1395 2592; x_wconf 81' lang='grc'><strong>3)</strong></span> 
     </span>
     <span class='ocr_line' id='line_1_22' title="bbox 226 2609 1399 2700; baseline 0.002 -25"><span class='ocrx_word' id='word_1_159' title='bbox 226 2609 417 2676; x_wconf 75' lang='lat' dir='ltr'><strong>Erotianum</strong></span> <span class='ocrx_word' id='word_1_160' title='bbox 451 2612 647 2680; x_wconf 86' lang='lat' dir='ltr'><strong>emendauit.</strong></span> <span class='ocrx_word' id='word_1_161' title='bbox 703 2618 845 2681; x_wconf 84' lang='lat' dir='ltr'><strong>ceterum</strong></span> <span class='ocrx_word' id='word_1_162' title='bbox 883 2615 1106 2681; x_wconf 86' lang='lat' dir='ltr'><strong>recensionem</strong></span> <span class='ocrx_word' id='word_1_163' title='bbox 1141 2612 1399 2700; x_wconf 81' lang='lat' dir='ltr'><strong>Stephanianam</strong></span> 
     </span>
     <span class='ocr_line' id='line_1_23' title="bbox 224 2710 1397 2806; baseline 0.002 -23"><span class='ocrx_word' id='word_1_164' title='bbox 224 2717 446 2786; x_wconf 74' lang='lat' dir='ltr'><strong>recudendam</strong></span> <span class='ocrx_word' id='word_1_165' title='bbox 461 2721 587 2787; x_wconf 86' lang='lat' dir='ltr'><strong>curauit</strong></span> <span class='ocrx_word' id='word_1_166' title='bbox 609 2726 642 2788; x_wconf 86' lang='lat' dir='ltr'><strong>et</strong></span> <span class='ocrx_word' id='word_1_167' title='bbox 663 2710 698 2787; x_wconf 74' lang='lat' dir='ltr'><strong>in</strong></span> <span class='ocrx_word' id='word_1_168' title='bbox 724 2721 915 2789; x_wconf 85' lang='lat' dir='ltr'><strong>coniecturis</strong></span> <span class='ocrx_word' id='word_1_169' title='bbox 938 2719 1335 2806; x_wconf 87' lang='lat' dir='ltr'><strong>animaduersionibusqne</strong></span> <span class='ocrx_word' id='word_1_170' title='bbox 1361 2720 1397 2785; x_wconf 92' lang='grc' dir='ltr'>Η</span> 
     </span>
     <span class='ocr_line' id='line_1_24' title="bbox 225 2823 1397 2916; baseline 0.001 -26"><span class='ocrx_word' id='word_1_171' title='bbox 225 2823 395 2913; x_wconf 75' lang='lat' dir='ltr'><strong>Stephani,</strong></span> <span class='ocrx_word' id='word_1_172' title='bbox 435 2827 619 2914; x_wconf 77' lang='lat' dir='ltr'><strong>Eustachii,</strong></span> <span class='ocrx_word' id='word_1_173' title='bbox 656 2828 776 2914; x_wconf 79' lang='lat' dir='ltr'><strong>Foadi,</strong></span> <span class='ocrx_word' id='word_1_174' title='bbox 813 2828 991 2916; x_wconf 72' lang='lat' dir='ltr'><strong>limingae,</strong></span> <span class='ocrx_word' id='word_1_175' title='bbox 1034 2828 1168 2896; x_wconf 86' lang='lat' dir='ltr'><strong>aliorum</strong></span> <span class='ocrx_word' id='word_1_176' title='bbox 1212 2826 1397 2895; x_wconf 82' lang='lat' dir='ltr'><strong>adferendis</strong></span> 
     </span>
     <span class='ocr_line' id='line_1_25' title="bbox 224 2934 1398 3025; baseline 0.002 -25"><span class='ocrx_word' id='word_1_177' title='bbox 224 2953 356 3021; x_wconf 82' lang='lat' dir='ltr'><strong>prorsus</strong></span> <span class='ocrx_word' id='word_1_178' title='bbox 390 2934 565 3023; x_wconf 88' lang='lat' dir='ltr'><strong>adquieuit.</strong></span> <span class='ocrx_word' id='word_1_179' title='bbox 610 2935 666 3025; x_wconf 86' lang='lat' dir='ltr'><strong>qui</strong></span> <span class='ocrx_word' id='word_1_180' title='bbox 685 2935 809 3003; x_wconf 79' lang='lat' dir='ltr'><strong>lectum</strong></span> <span class='ocrx_word' id='word_1_181' title='bbox 830 2941 893 3021; x_wconf 78' lang='lat' dir='ltr'><strong>est,</strong></span> <span class='ocrx_word' id='word_1_182' title='bbox 908 2943 946 3004; x_wconf 87' lang='lat' dir='ltr'><strong>nt</strong></span> <span class='ocrx_word' id='word_1_183' title='bbox 965 2937 1001 3003; x_wconf 90' lang='lat' dir='ltr'><strong>in</strong></span> <span class='ocrx_word' id='word_1_184' title='bbox 1021 2937 1084 3004; x_wconf 88' lang='lat' dir='ltr'><strong>hac</strong></span> <span class='ocrx_word' id='word_1_185' title='bbox 1115 2934 1258 3004; x_wconf 80' lang='lat' dir='ltr'><strong>editione</strong></span> <span class='ocrx_word' id='word_1_186' title='bbox 1279 2935 1398 3002; x_wconf 78' lang='lat' dir='ltr'><strong>minim</strong></span> 
     </span>
     <span class='ocr_line' id='line_1_26' title="bbox 223 3036 1397 3131; baseline 0.003 -28"><span class='ocrx_word' id='word_1_187' title='bbox 223 3036 261 3103; x_wconf 87' lang='lat' dir='ltr'><strong>in</strong></span> <span class='ocrx_word' id='word_1_188' title='bbox 291 3039 425 3106; x_wconf 90' lang='lat' dir='ltr'><strong>modum</strong></span> <span class='ocrx_word' id='word_1_189' title='bbox 450 3042 608 3128; x_wconf 84' lang='lat' dir='ltr'><strong>pessimas</strong></span> <span class='ocrx_word' id='word_1_190' title='bbox 629 3063 773 3130; x_wconf 84' lang='lat' dir='ltr'><strong>quasque</strong></span> <span class='ocrx_word' id='word_1_191' title='bbox 800 3043 954 3111; x_wconf 89' lang='lat' dir='ltr'><strong>lectiones</strong></span> <span class='ocrx_word' id='word_1_192' title='bbox 975 3043 1011 3110; x_wconf 94' lang='lat' dir='ltr'><strong>in</strong></span> <span class='ocrx_word' id='word_1_193' title='bbox 1031 3049 1135 3131; x_wconf 85' lang='lat' dir='ltr'><strong>textu,</strong></span> <span class='ocrx_word' id='word_1_194' title='bbox 1157 3044 1192 3110; x_wconf 92' lang='lat' dir='ltr'><strong>in</strong></span> <span class='ocrx_word' id='word_1_195' title='bbox 1215 3042 1397 3109; x_wconf 89' lang='lat' dir='ltr'><strong>adnotatio·</strong></span> 
     </span>
     <span class='ocr_line' id='line_1_27' title="bbox 224 3145 1090 3251; baseline 0.009 -40"><span class='ocrx_word' id='word_1_196' title='bbox 224 3145 320 3213; x_wconf 84' lang='lat' dir='ltr'><strong>nihns</strong></span> <span class='ocrx_word' id='word_1_197' title='bbox 345 3147 460 3216; x_wconf 84' lang='lat' dir='ltr'><strong>criticis</strong></span> <span class='ocrx_word' id='word_1_198' title='bbox 484 3155 518 3217; x_wconf 87' lang='lat' dir='ltr'><strong>et</strong></span> <span class='ocrx_word' id='word_1_199' title='bbox 537 3150 712 3237; x_wconf 65' lang='lat' dir='ltr'><strong>exegeticis</strong></span> <span class='ocrx_word' id='word_1_200' title='bbox 736 3152 875 3240; x_wconf 84' lang='lat' dir='ltr'><strong>optimos</strong></span> <span class='ocrx_word' id='word_1_201' title='bbox 898 3153 1050 3240; x_wconf 84' lang='lat' dir='ltr'><strong>reperias.</strong></span> <span class='ocrx_word' id='word_1_202' title='bbox 1064 3220 1090 3251; x_wconf 47' lang='lat'><strong><em>⁹</em></strong></span> 
     </span>
    </p>
   </div>
   <div class='ocr_carea' id='block_1_3' title="bbox 0 0 1478 4620">
    <p class='ocr_par' dir='ltr' id='par_1_6' title="bbox 0 0 1478 4620">
     <span class='ocr_line' id='line_1_28' title="bbox 0 0 1478 4620; baseline 0 2"><span class='ocrx_word' id='word_1_203' title='bbox 0 0 1478 4620; x_wconf 95' lang='lat' dir='ltr'><strong> </strong></span> 
     </span>
    </p>
   </div>
  </div>
 </body>
</html>
