2946 4620
810 210 857 263 LX

247 402 413 471 commisit.
460 402 521 469 luit
551 403 629 469 olim
657 400 692 467 id
725 398 862 469 Gerardi
895 402 1014 488 Vossii,
1053 408 1091 469 11
1120 405 1286 494 inscriptio
1319 406 1419 493 primi

245 510 314 578 folii
338 509 432 575 ‘Sam
455 508 595 575 (ierac-di
627 507 739 573 Vossii'
754 514 867 595 aperte
882 510 1033 579 declarat
1078 511 1206 578 isuero
1231 514 1418 601 exemplum

245 618 516 685 aBonauontura
537 615 695 684 Vulcania
719 622 898 702 acceperat,
923 616 1009 703 quod
1029 617 1117 683 hisce
1132 619 1240 685 uerbis
1264 626 1418 686 tentabit:

247 725 404 793 ‘Gercrdi
437 724 536 788 Vossa’i
558 745 598 787 eor
620 721 811 787 bibliotbeai.
841 722 874 788 V.
901 722 949 789 Ol.
971 723 1054 789 Bca.
1085 724 1279 815 Volcaniis)
1311 726 1418 814 boas

246 859 345 901 meaa
365 844 446 913 suat,
470 854 550 921 qaae
565 829 610 895 od
639 854 729 895 oram
762 829 1007 895 canebantur!
1040 830 1080 896 cf.
1111 834 1205 898 catal.
1240 832 1313 899 libr.
1349 840 1419 899 tam

246 943 341 1031 impr.
365 962 462 1028 quem
484 961 559 1005 mss.
583 938 671 1005 uniu.
693 937 800 1023 Lugd.
824 959 900 1003 cura
914 938 970 1004 W.
989 937 1190 1023 Senguerdii,
1201 938 1233 1006 J.
1260 941 1419 1007 (11111111

246 1049 333 1117 etl.
356 1046 553 1133 Ileymanni.
575 1045 682 1131 Lugd.
705 1046 780 1111 Bat.
806 1054 889 1111 1716
914 1068 947 1133 p.
973 1052 1046 1111 135.

333 1155 525 1221 Erotianum
547 1154 668 1241 primus
680 1158 836 1241 quantum
852 1153 968 1217 scimus
984 1151 1127 1217 omnium
1142 1172 1185 1217 ex
1208 1152 1419 1219 bibliotheca-

246 1284 317 1329 mm
340 1261 481 1328 tenebris
502 1262 537 1327 in
558 1262 664 1327 lucem
685 1260 844 1346 protraxit
874 1258 1087 1323 Hearious
1120 1258 1362 1345 Stephanus
1385 1266 1418 1327 et

247 1369 435 1437 dictionario
447 1369 670 1435 mediooanno
684 1367 729 1437 M.
741 1368 783 1433 D.
795 1365 932 1431 LXHII
943 1365 1083 1449 demum,
1100 1371 1272 1452 postquam
1289 1388 1349 1452 per
1359 1389 1418 1434 sex

246 1500 348 1545 annos
360 1478 526 1542 inscriniis
537 1477 640 1560 latuit,
650 1475 736 1541 edito
748 1472 912 1559 praefixit:
928 1478 1124 1560 quapropter
1134 1472 1220 1539 hanc
1231 1474 1417 1559 editionem,

247 1586 324 1673 quia
347 1584 544 1670 bibliopolae
567 1605 651 1650 anno
676 1580 896 1654 OIOIOLVH
918 1601 990 1648 eam
1012 1602 1052 1645 aa
1074 1580 1101 1645 si
1122 1579 1189 1645 iam
1217 1582 1305 1648 edita
1334 1590 1418 1651 esset

203 1697 205 1700 ’
248 1693 283 1759 in
316 1692 499 1777 catalogum
532 1691 687 1756 librorum
716 1689 917 1771 rettulerant,
949 1689 1067 1771 βιβλίον
1102 1687 1316 1754 παλαιόκαινον
1348 1691 1417 1778 ipse

248 1798 436 1887 adpellauit.
461 1818 657 1883 quamquam
667 1817 729 1871 nec
743 1795 858 1883 quibus
873 1793 1036 1861 codicibus
1052 1792 1094 1859 ad
1107 1814 1180 1860 eam
1196 1794 1417 1865 adornandam

246 1930 324 1975 usus
345 1908 387 1973 sit
408 1927 469 1971 neo
491 1910 570 1991 quot
598 1904 718 1971 1111111
738 1903 894 1987 nominat
916 1908 1027 1970 tamen
1047 1923 1091 1969 ex
1112 1902 1317 1989 lectionibus,
1338 1925 1414 1992 quas

248 2015 325 2081 inde
345 2016 380 2079 in
403 2013 664 2079 adnotationibus
687 2011 960 2095 commemorauit,
983 2010 1125 2096 quodam
1140 2011 1238 2079 modo
1262 2034 1414 2099 quasnam

248 2123 425 2209 inspexerit
463 2122 606 2187 conicere
638 2121 722 2187 licet.
778 2119 947 2206 conplures
983 2117 1082 2185 libros
1112 2117 1155 2184 ab
1185 2139 1223 2184 eo
1257 2121 1415 2187 adhibitos

247 2229 348 2299 fuisse
371 2229 489 2295 docent
510 2228 566 2293 illa
589 2249 673 2315 quae
694 2247 926 2316 saepenumero
948 2225 983 2291 in
998 2224 1209 2293 adnotatione
1229 2235 1416 2297 ooournmt:

218 2334 457 2423 apotomae
487 2333 716 2419 exemplaribus
724 2335 742 2414 ²,
766 2334 946 2399 ‘macellis
968 2331 1126 2397 codicibus
1134 2333 1153 2410 ’,
1178 2333 1272 2399 ‘aliis
1304 2336 1418 2401 cedici-

251 2442 321 2509 bus'
338 2448 371 2510 et
393 2462 475 2528 quae
497 2446 572 2505 sunt
592 2440 643 2513 bis
665 2440 793 2507 similia.
838 2443 872 2507 in
895 2462 1007 2509 comm
1028 2462 1162 2509 numero
1186 2443 1264 2528 quin
1275 2442 1420 2511 Parisini

249 2558 335 2617 2177
359 2548 418 2635 (D)
441 2553 475 2613 et
501 2554 587 2613 2614
610 2547 665 2634 (F)
691 2547 820 2631 fuerint,
835 2569 894 2617 ¹res
916 2549 958 2615 ab
981 2549 1070 2615 omni
1092 2548 1297 2617 dubitatione
1319 2549 1422 2617 libers

249 2664 298 2724 est
319 2657 393 2722 ideo
410 2655 496 2743 quod
517 2654 783 2738 significantiores
807 2676 917 2722 eorum
938 2656 1093 2722 lectiones
1115 2680 1220 2745 paene
1242 2681 1355 2728 omnes
1379 2664 1420 2729 ab

249 2787 288 2831 eo
303 2765 337 2829 in
358 2762 620 2829 adnotationibus
641 2763 823 2831 laudantur.
870 2766 1014 2832 codicem
1036 2767 1065 2832 B
1090 2776 1175 2836 certe
1204 2792 1271 2837 non
1294 2773 1420 2842 habuit.

252 2872 292 2937 de
307 2871 338 2936 G
353 2878 386 2937 et
400 2870 435 2935 H
453 2892 504 2936 res
527 2869 570 2935 ad
592 2869 749 2957 liquidum
768 2870 904 2959 perduci
925 2876 1046 2962 nequit.
1092 2876 1288 2947 Vaticanum
1313 2888 1423 2949 autem

252 2978 405 3062 codicem,
430 2999 525 3067 quem
547 2976 718 3043 Heluetius
741 2978 873 3066 quidam
895 2964 957 3047 sibi
980 2985 1219 3053 commodatum
1251 2988 1422 3078 subripuit,

250 3084 286 3151 in
308 3084 602 3175 Stephanimanus
620 3087 749 3163 uenisse
778 3086 865 3155 unde
887 3088 968 3156 haec
999 3094 1195 3179 sumpserint
1227 3094 1423 3165 Lambeeius

250 3212 367 3259 comm.
391 3193 432 3258 de
453 3192 600 3261 biblioth.
624 3193 766 3261 Vindob.
789 3194 839 3263 VI
861 3217 895 3282 p.
919 3204 985 3263 350
1008 3198 1060 3265 ed
1082 3198 1198 3267 Kollar
1221 3209 1254 3269 11
1276 3204 1423 3291 quicum

251 3299 408 3386 expilauit
444 3300 623 3385 Fabricius,
657 3301 816 3387 indagare
852 3322 918 3367 non
939 3304 1042 3389 potui.
1099 3311 1240 3372 aeterum
1269 3315 1307 3375 ut
1345 3312 1423 3401 quid

253 3406 402 3495 equidem
423 3406 560 3473 sentiam
590 3407 698 3475 libere·
723 3408 865 3497 eloquar,
885 3406 1062 3478 ’1111111111
1093 3412 1135 3479 de
1166 3414 1320 3483 Heluetio
1346 3438 1423 3507 quo-

252 3515 327 3580 dam
350 3514 482 3601 eiusque
504 3512 589 3579 furto
611 3512 776 3582 historiola
800 3536 852 3583 me
870 3516 976 3584 iudice
999 3519 1153 3587 ementita
1176 3528 1235 3589 est.
1283 3524 1423 3614 Stepha-

251 3644 324 3707 nus,
347 3620 399 3686 cui
424 3618 592 3687 Oonradus
616 3620 740 3689 Gesner
765 3624 888 3711 aliquot
918 3625 1159 3694 emendationes
1190 3631 1332 3718 miserat,
1355 3656 1424 3700 rem

250 3730 297 3794 ita
320 3726 397 3812 egit,
419 3732 456 3793 ut
476 3726 601 3795 minora
621 3729 749 3814 menda,
766 3751 961 3818 quamquam
983 3752 1026 3798 ne
1044 3732 1127 3800 haec
1148 3736 1279 3823 quidem
1302 3743 1422 3820 omnia,

324 3898 370 3961 60)
389 3900 429 3947 De
455 3900 505 3950 hac
533 3917 560 3951 re
586 3902 729 3955 hariolatus
755 3905 880 3959 Francius
897 3905 983 3971 ¹piraeei.
1009 3906 1043 3955 ad
1063 3906 1180 3961 Erotion.
1198 3924 1224 3973 p.
1243 3909 1319 3961 XVII
1337 3928 1423 3976 neque

253 3986 396 4051 quidquam
422 4002 509 4039 eorum
532 3992 671 4057 proterunt,
689 4010 753 4059 quos
778 4000 866 4055 testes¹
881 3995 938 4061 ipse
961 3995 1075 4061 adlegat,
1099 3997 1257 4050 Lambeoius
1280 4014 1373 4050 comm.
1391 4001 1423 4050 de

252 4074 373 4127 biblioth.
404 4078 516 4131 Vindob.
548 4080 586 4131 VI
608 4098 634 4147 p.
654 4085 705 4137 154
728 4090 755 4139 et
777 4086 802 4137 J.
822 4086 852 4137 Δ.
881 4083 1017 4141 Fabricius
1044 4084 1165 4141 biblioth.
1190 4102 1227 4156 gr.
1256 4087 1294 4138 VI
1312 4104 1339 4157 p.
1358 4092 1420 4155 233,

252 4178 328 4232 quero
347 4183 479 4241 perper-am
497 4170 650 4223 intellexit..
