2946 4620
690 213 753 265 xxi

165 399 196 464 its
221 404 254 465 ut
290 404 455 488 superstes
483 404 532 466 est
565 403 607 467 ab
638 401 738 489 ipsius
767 424 867 470 manu
895 407 1057 493 profectus
1088 430 1131 474 on
1167 381 1315 475 eandem·

95 542 100 555 ι
166 529 239 594 quem
271 509 400 576 lexicon
432 514 550 575 sortem
571 531 742 598 perpessus
773 511 814 577 ab
842 512 956 579 eodem
988 514 1045 581 illo
1076 516 1217 600 homine,
1252 515 1306 603 qui

164 617 224 682 itud
238 617 418 705 discerpsit,
441 617 606 683 mutilatus
630 619 680 684 sit.
728 639 766 684 uc
784 641 819 684 re
842 641 930 705 uero,
954 621 1075 709 siquis
1099 623 1203 692 obiter
1233 644 1307 689 eum

159 725 393 810 perlustrauerit,
425 726 552 812 integer
587 726 629 792 od
663 748 722 792 nos
753 729 939 815 peruenisse
972 730 1109 817 uidetur.
1162 752 1239 796 nom
1272 729 1306 795 id

157 839 257 900 temere
298 855 420 920 negare
464 855 516 899 res
549 855 627 899 sene
658 834 760 900 ardue
796 841 855 920 est,
889 837 1078 923 praesertim
1117 859 1189 903 cum
1225 858 1306 925 quos

155 942 326 1028 scriptiones
348 941 563 1028 Hippocratis
580 963 647 1006 non
670 964 740 1009 esse
757 944 957 1011 contenderit
971 945 1155 1028 Erotienus,
1168 945 1196 1011 si
1209 966 1308 1012 unam
1406 952 1412 974 ¹

154 1050 313 1137 exceperis,
337 1070 468 1135 prorsus
492 1048 718 1115 caecutiamus.
772 1056 924 1119 ettamen,
948 1073 1003 1117 eos
1037 1073 1165 1140 quoque
1195 1052 1306 1136 libros,

151 1178 215 1244 quos
235 1157 364 1224 medico
389 1155 457 1223 Ooo
478 1155 687 1241 abindicsuit
712 1157 748 1223 iu
769 1157 908 1225 indicem
933 1159 1095 1225 rettulisse
1116 1158 1307 1225 Erotiunum

150 1265 403 1331 utsdsumsmus
437 1263 536 1330 efficit
563 1264 655 1347 illud,
686 1265 772 1351 quod
805 1266 995 1352 prorrhetici
1029 1266 1128 1332 libros
1159 1265 1308 1352 quemuis

149 1371 326 1439 subditicios
349 1394 418 1439 esse
442 1373 692 1441 existimauiseot
712 1374 798 1441 inter
827 1380 951 1441 ceteros
984 1374 1196 1458 enumerouit,
1216 1374 1309 1462 quin

151 1479 230 1547 ciem
251 1481 433 1568 permultos
455 1503 561 1549 uoces.
582 1481 660 1549 inde
688 1481 751 1551 sibi
781 1482 881 1568 elegit
905 1483 1129 1571 explicandas.
1160 1480 1248 1568 quod
1280 1479 1309 1547 si

148 1584 182 1653 itu
209 1594 272 1672 est,
298 1589 467 1675 scrupulus
495 1590 543 1656 de
573 1589 759 1675 integritate
793 1589 961 1657 Erotiunei
993 1590 1149 1655 librorum
1180 1587 1308 1674 Hippo-

144 1696 327 1763 crsticorum
354 1697 505 1782 catologi,
537 1696 592 1785 qui
612 1697 648 1762 in
678 1699 786 1763 animo
808 1702 918 1767 nostro
951 1696 1080 1774 insedit,
1111 1717 1177 1762 non
1210 1696 1308 1761 modo

144 1824 199 1870 nou
220 1803 355 1870 euolsus
388 1810 437 1869 ost
471 1804 529 1871 sed
559 1804 658 1885 etiem
690 1805 794 1871 scrius
823 1804 950 1893 pungit.
1000 1809 1037 1870 ut
1066 1803 1153 1870 enim
1181 1797 1309 1870 teoesns

143 1912 211 1978 otius
234 1931 367 2000 quoquo
390 1911 547 1997 prooemii
568 1916 677 1996 portos
700 1931 832 1979 mancos
846 1932 928 1995 osse,
944 1911 1078 1996 triginta
1095 1911 1197 1976 ferme
1212 1911 1308 1977 lexici

143 2019 261 2102 glossae
287 2017 331 2082 sd
345 2017 445 2085 libros
457 2017 641 2105 respiciunt,
660 2018 715 2106 qui
725 2017 822 2085 hodie
837 2019 871 2083 in
881 2019 987 2089 indice
1010 2039 1076 2085 non
1091 2018 1306 2095 nominentur.

145 2125 191 2195 sod
209 2147 254 2191 ne
283 2125 437 2212 exemplu
460 2125 624 2197 desideres
646 2125 721 2194 libri
742 2123 781 2189 de
809 2124 1002 2213 liquidorum
1024 2148 1085 2189 susc
1106 2131 1172 2191 tres
1194 2131 1307 2194 extent

151 2231 272 2317 giossee,
298 2232 482 2320 exscripto
505 2232 544 2297 de
566 2234 682 2297 ossium
703 2235 876 2317 sotcra²³)
899 2237 970 2297 octo
996 2231 1186 2319 desumptse
1215 2240 1308 2320 sunt3

153 2337 321 2407 silibellos
345 2340 383 2403 cte
405 2342 536 2404 internis
553 2340 713 2424 affectibus
734 2346 767 2406 et
782 2339 820 2403 de
834 2340 921 2402 uicto
936 2339 1110 2425 ralubon)
1136 2339 1241 2422 binae,
1264 2339 1308 2406 ad

148 2442 290 2535 sciptum
314 2446 471 2517 dedicere
493 2453 558 2513 tres
581 2447 769 2514 referendse
792 2452 876 2530 sunt,
905 2468 971 2513 uuo
990 2447 1032 2513 od
1055 2446 1173 2514 librum
1196 2448 1234 2512 de
1256 2471 1309 2511 ecr-

145 2557 265 2620 sscts'crse
281 2553 381 2640 feros.
409 2558 595 2642 proposuero
617 2555 755 2643 denique
777 2577 889 2619 coccae
910 2561 960 2621 ter
981 2556 1203 2642 respiciuntur.
1237 2555 1308 2644 plu·

144 2660 222 2729 ribus
254 2664 415 2751 exemplis
442 2663 637 2750 supersedeo
662 2661 863 2746 ,adferendis
889 2664 964 2751 quis
997 2684 1109 2728 eorum
1137 2683 1308 2729 numerum

144 2771 476 2862 uuusquisquoisoile
496 2793 617 2857 augere
639 2776 756 2858 potest.

207 2989 251 3059 23)
270 2991 356 3041 Aliam
376 2990 502 3047 rationem
520 2989 599 3041 huius
612 2988 730 3055 opusculi
743 2986 772 3050 in
783 2986 871 3036 indice
885 2985 975 3037 omissi
992 2984 1151 3049 inuestigare
1168 2983 1221 3035 sibi
1234 2983 1308 3037 uisus

145 3083 178 3130 cst
194 3080 309 3131 Littreus
329 3079 364 3129 ed
382 3078 508 3144 Hippocr.
527 3078 572 3128 t.I
592 3094 618 3143 p.
632 3077 693 3127 418.
713 3075 740 3126 id
759 3077 827 3126 enim
847 3091 904 3125 cum
923 3090 939 3124 e
958 3075 1058 3127 Gsieno
1077 3073 1117 3124 bis
1136 3073 1164 3123 in
1182 3073 1308 3138 glossario

144 3184 161 3218 s.
174 3185 198 3219 n.
217 3162 408 3238 παραστάτας
427 3183 453 3232 p.
471 3168 522 3217 538
541 3167 624 3217 Frsnr
643 3171 668 3216 et
680 3182 700 3217 s.
713 3181 739 3215 u.
760 3161 897 3216 soroiido
916 3180 942 3229 p.
954 3165 1004 3214 506
1023 3165 1061 3212 its
1079 3162 1214 3228 adlegetur
1231 3162 1308 3229 qussi

144 3260 270 3325 appendix
293 3259 378 3309 libelli
410 3257 444 3308 sit
470 3257 515 3324 qui
538 3251 681 3327 μοχλικός
706 3259 821 3318 uocetur,
845 3254 907 3303 inde
933 3252 986 3302 iern
1013 3252 1157 3317 untiquitus
1183 3248 1309 3302 mochiico

143 3348 286 3400 sdiunctum
303 3349 386 3400 fuisse
404 3347 517 3412 conlegit
534 3347 655 3411 mitreus,
674 3347 713 3396 its
734 3349 765 3396 nt
787 3342 927 3395 Erotisnus
951 3341 1001 3392 hee
1020 3345 1120 3392 tentum
1138 3340 1309 3406 inscriptione

143 3438 168 3488 id
186 3439 314 3510 cognitum
332 3437 449 3489 haberet.

207 3527 252 3595 24)
271 3528 323 3578 Hic
340 3528 409 3578 liber
427 3527 535 3579 sortasse
557 3526 615 3577 ideo
640 3526 669 3576 in
694 3525 781 3575 indice
804 3540 858 3574 non
881 3526 1012 3589 conparet,
1033 3520 1097 3586 quis
1121 3520 1193 3586 opud
1209 3523 1310 3571 ueteres

144 3631 196 3666 cum
215 3617 338 3682 opusculo
359 3616 393 3664 dc
411 3604 520 3665 natura
533 3596 652 3666 semisse
665 3613 816 3664 coniunctus
828 3613 907 3663 tuisse
922 3611 1034 3662 uidetur.
1072 3609 1109 3658 its
1123 3609 1226 3673 quidem
1240 3621 1310 3659 nuno

143 3703 167 3753 in
183 3706 301 3758 omnibus
319 3703 455 3755 codicibus
474 3703 577 3768 legitur.
597 3703 628 3753 ci.
642 3701 756 3755 Littrtus
775 3703 792 3751 1.
806 3717 827 3750 c.
841 3702 893 3751 uol.
907 3700 929 3749 Ι.
944 3717 969 3766 p.
985 3698 1184 3749 ieie-eodem
1204 3710 1310 3763 quoque

145 3794 214 3846 nodo
236 3795 352 3847 Littreus
377 3795 394 3849 l.
416 3793 532 3856 m.1.p.
553 3794 604 3842 150
622 3793 719 3842 fuctum
738 3806 793 3843 esse
821 3795 903 3857 putat,
928 3793 958 3839 ut
981 3789 1119 3839 Erotisnus
1138 3786 1256 3836 libellum
1275 3783 1310 3835 de

144 3885 317 3947 §sundicae
335 3884 405 3935 inter
423 3882 593 3946 Hippocratis
612 3896 769 3948 opereoncn
787 3884 932 3932 enumeret:
951 3878 1050 3930 scilicet
1067 3878 1190 3944 quonism
1208 3879 1309 3942 portem

128 3964 224 4039 'scripti
241 3974 404 4027 denatura
424 3970 549 4037 infantis
567 3985 623 4021 esso
643 3975 765 4022 censeret.

615 4234 826 4250 mmm!
