2946 4620
731 240 780 292 XX

175 434 198 494 t.
211 429 228 493 I
242 450 275 516 p.
293 437 367 495 518.
413 431 500 517 quod
514 451 592 496 uero
610 429 731 495 scholia
751 451 815 496 non
829 429 1051 498 emendatiora
1073 428 1176 494 solnm
1200 448 1298 515 quam
1322 449 1343 492 a

174 535 407 622 Darombergio
430 538 549 604 factum
572 542 621 604 est
644 537 820 603 sedetiam
842 537 987 602 auctiora
1010 536 1104 602 edere
1132 535 1213 600 mihi
1240 535 1343 619 licuit,

176 644 277 712 debeo
293 646 503 712 Zachariae
525 646 730 730 Firmemus,
740 645 918 711 medicinae
935 645 968 710 in
976 644 1186 709 uniuersitate
1205 641 1346 708 tironiu-

175 753 267 838 gensi
282 753 465 839 professori.
510 755 539 819 is
561 753 645 820 enim
665 753 844 836 schedulas,
865 753 900 817 in
923 753 1038 839 quibus
1055 750 1197 818 Oobetus
1220 749 1345 814 scholia

176 881 194 925 e
216 860 382 926 Vaticanis
406 859 569 926 codicibus
590 862 624 926 in
645 860 713 926 eius
736 881 830 924 usum
853 858 1097 944 diligentissime
1121 856 1345 946 descripserat,

50 1001 54 1005 -
175 966 368 1033 liberalitate
393 973 426 1034 et
449 968 598 1033 comitate
621 988 752 1053 prorsus
775 966 908 1031 amabili
932 987 1059 1031 mecum
1083 965 1344 1032 communicauit.

177 1095 240 1161 quo
265 1072 393 1140 demum
416 1075 536 1140 fectum
567 1081 625 1160 est
649 1081 686 1141 ut
707 1074 785 1160 quid
806 1074 840 1138 in
871 1074 963 1138 libris
994 1072 1148 1161 scriptum
1179 1071 1258 1159 quid
1281 1094 1345 1143 non

176 1181 218 1248 sit
240 1180 318 1246 satis
341 1187 426 1247 certo
451 1182 618 1269 adpareat.

267 1289 453 1358 Sed-redeo
477 1291 519 1355 ad
541 1290 677 1372 lexicon,
712 1289 798 1377 quod
828 1289 923 1354 hodio
954 1287 1101 1354 Erotiani
1133 1307 1252 1353 nomen
1281 1286 1343 1352 fert

179 1395 283 1483 deque
312 1419 374 1484 quo
409 1419 476 1463 non
511 1399 600 1463 nulla
629 1403 752 1463 restant
786 1396 932 1462 dicenda.
979 1396 1057 1462 ordo
1087 1396 1182 1477 enim,
1218 1416 1279 1484 quo
1309 1397 1343 1461 in

177 1506 312 1573 uocibus
347 1505 546 1591 exponendis
581 1505 724 1588 singulos
751 1503 961 1591 Hippocratis
992 1505 1092 1570 libros
1122 1525 1157 1568 se
1184 1504 1348 1591 ‚deinceps

178 1613 327 1700 excipere
356 1612 494 1677 uoluerit
528 1611 710 1695 Erofianus,
743 1632 784 1677 ex
806 1612 972 1696 prooemio
1003 1612 1070 1676 eins
1101 1613 1179 1676 satis
1209 1617 1344 1677 constat.

48 1784 56 1803 ,
178 1739 284 1804 neque
324 1718 397 1784 ideo
435 1724 519 1783 esset
551 1740 608 1783 cur
644 1717 683 1783 de
715 1718 775 1784 hac
809 1741 844 1784 re
878 1721 1029 1785 lectorem
1059 1739 1374 1800 commoneremus.

178 1825 241 1893 nisi
260 1825 409 1912 Heringa
431 1827 452 1891 l.
478 1847 504 1891 c.
524 1848 556 1913 p.
581 1835 600 1891 9
625 1827 840 1893 contendisset
870 1828 1060 1894 Erotianum
1093 1849 1159 1893 non
1194 1828 1348 1894 adcurate

177 1934 270 2000 illum
303 1933 464 2029 ordinem,v
488 1954 583 2019 quem
615 1934 650 2000 in
677 1935 879 2022 praefatione
913 1935 1170 2021 significauisset
1202 1942 1348 2002 secutum

179 2062 251 2110 esse
272 2042 330 2109 sed
352 2043 399 2108 ita
420 2043 487 2110 fera
508 2043 607 2110 libros
629 2043 854 2131 explioauisse‚
870 2050 907 2111 ut
921 2044 983 2110 hcc
998 2065 1033 2109 se
1048 2044 1130 2109 serie
1146 2045 1348 2130 exciperent:

182 2150 418 2238 προγνωσττκόν,
441 2151 640 2238 προῤῥρτατόν
670 2159 698 2217 α’
717 2156 754 2242 ᾗ,
787 2155 853 2238 napi
882 2157 1002 2239 γυμοῖν,
1037 2152 1196 2238 ἒναδημίαι
1225 2156 1249 2231 ζ,
1281 2155 1350 2238 περὶ

179 2257 287 2344 φύσιος
316 2257 493 2344 ἄνθρωπον,
525 2259 700 2344 α’φορισμοί,
732 2264 799 2346 περὶ
833 2261 942 2347 φύσιος
972 2262 1106 2338 παιδίου,
1139 2264 1209 2345 περὶ
1243 2259 1351 2325 τόπων

181 2366 231 2432 aci
263 2363 361 2448 oipoiv,
393 2366 461 2448 περὶ
492 2373 609 2448 φυσῶν,
644 2369 712 2451 περὶ
743 2367 825 2453 ἱερῆς
859 2367 979 2446 νούσου,
1010 2369 1077 2451 περὶ
1111 2367 1250 2433 ὑδάτων.
1309 2371 1352 2446 εἷς

182 2471 323 2538 distroire
347 2473 414 2557 napi
433 2470 537 2537 τόπων
559 2480 623 2538 τοῖν
645 2476 723 2538 autri
748 2473 925 2559 ἄνθρωπον,
949 2476 1017 2560 περὶ
1039 2475 1174 2561 ἀρχαίης
1201 2477 1353 2561 ἰητρικῆς,

183 2582 250 2665 περὶ
273 2578 398 2667 τέχνης,
419 2581 498 2646 κατὰ
521 2583 664 2667 ῖνγτρτῒον,
692 2579 843 2666 μογλινός,
878 2585 945 2664 περὶ
978 2581 1084 2666 ἑλκῶν,
1119 2584 1187 2664 περὶ
1221 2592 1285 2648 τοῖν
1319 2588 1365 2650 ἐν

182 2693 304 2778 κεφαλῇ
337 2688 532 2770 τραυμάτων,
565 2689 634 2773 περί
663 2687 782 2771 οἷγμαῖν,
815 2692 883 2773 περὶ
914 2688 1052 2774 ἄρθρων,
1092 2691 1159 2774 περὶ
1193 2690 1354 2776 πτισάνης,

135 2862 153 2884 ·‚
183 2797 260 2879 napi·
283 2793 417 2881 οἶφόρων,
440 2797 519 2877 ,περὶ
547 2794 663 2860 νούσων
685 2803 715 2860 α’
741 2800 778 2882 ᾗ,
810 2798 1035 2880 γυναικείωνοῐ
1066 2798 1096 2882 Β,
1127 2798 1354 2881 πρεσβευττκός,

183 2902 354 2986 tripoleos.
407 2901 465 2968 sed
488 2901 778 2989 Heringaiatetm
803 2904 931 2991 ipsese
961 2905 1061 2989 libris,
1096 2903 1152 2992 qui
1180 2910 1353 2990 praetereo

184 3011 225 3077 ab
256 3008 412 3075 Erotiano
451 3009 486 3074 in
518 3010 685 3096 prooemio
715 3016 938 3079 recensentur:
974 3016 1043 3098 περὶ
1078 3013 1262 3097 τραυμάτων
1301 3017 1352 3079 καὶ

184 3121 293 3200 βελῶν,
317 3117 384 3197 περὶ
408 3116 610 3204 αἱμορροἵῦων
632 3119 682 3184 καὶ
710 3119 871 3202 συρίγγων,
894 3123 962 3201 περὶ
991 3128 1120 3207 τροφῆς,
1143 3118 1238 3202 ὅρκος,
1260 3120 1354 3201 νόμος

183 3225 289 3290 locam
305 3223 477 3309 adsignare
492 3244 558 3291 non
573 3224 693 3291 audere
707 3246 768 3291 nec
790 3247 894 3313 posse.
932 3228 966 3292 in
981 3228 1086 3294 lexico
1109 3233 1228 3311 autem,
1253 3231 1354 3315 quale

184 3332 219 3398 in
240 3330 404 3397 codicibus
426 3331 579 3401 muium
602 3338 661 3417 est,
684 3334 808 3400 nullum
833 3356 968 3424 usquam
999 3334 1152 3400 indicium
1176 3340 1277 3418 extat,
1311 3359 1354 3402 ex

184 3459 361 3529 quoquam
372 3438 754 3526 Heringareooncinnare
769 3443 873 3509 uoluit
891 3444 1043 3508 librorum
1061 3443 1177 3508 seriem
1194 3464 1353 3529 recogno-

183 3568 272 3614 scere
291 3549 460 3635 possimus.
505 3550 603 3617 immo
616 3572 704 3637 uero,
716 3557 753 3617 ut
768 3552 868 3618 uerba
884 3573 969 3638 quae
982 3551 1218 3639 praefationem
1235 3551 1367 3620 finiunt*

185 3655 289 3721 λοιπον
312 3656 480 3739 ἀρξώμεθα
503 3659 563 3723 α’πὸ
585 3665 809 3742 προγνωοταωῦ
828 3659 957 3727 abunde
974 3659 1204 3742 demonstrant,
1223 3659 1354 3727 Erotis·

185 3783 246 3828 nus
262 3762 400 3829 eundem
415 3782 510 3850 quem
533 3765 566 3829 in
585 3765 845 3834 *dinumeratione
868 3767 1023 3834 librorum
1035 3767 1183 3833 exhibuit
1205 3768 1354 3834 ordinem

184 3872 218 3935 in
239 3871 487 3957 interpretandis
508 3878 634 3960 quoque
657 3872 823 3959 uocabulis
847 3880 974 3943 secutus
998 3881 1055 3940 est.
1364 3870 1367 3875 ¹

275 3978 446 4044 Difficilior
460 3986 560 4046 restet
579 3964 734 4069 quaestio,
757 3980 864 4055 utrum
879 3983 1033 4049 librorum
1048 3980 1371 4069 Hippocraticorum,

186 4083 295 4173 index,
320 4108 415 4182 quem
438 4088 613 4157 secundnm
629 4111 735 4157 rerum
757 4090 889 4178 quaein
900 4091 939 4157 iis
956 4095 1135 4155 tractantur
1151 4088 1356 4156 concordiam

187 4197 245 4258 sut
276 4193 468 4266 discordiam
502 4197 693 4288 dispositum
722 4198 756 4264 in
785 4198 952 4286 prooemio
990 4197 1138 4280 exhibuit
1170 4194 1370 4283 Erotianus,-
