2946 4620
196 458 255 503 tum
274 437 420 506 Erotiano
451 441 655 529 ssonposihus:
686 447 736 510 καὶ
767 445 896 530 ἄργεμσς
927 447 1014 529 νόσρς
1042 447 1201 537 σ’μμᾶτων,
1229 454 1284 540 α’φ’
1309 455 1348 524 cd

194 545 290 627 ἄργεμφ
311 549 387 621 κατὰ
409 550 551 632 Δίδυμυν
576 551 617 616 ssi
648 555 699 618 ἐπὶ
725 554 901 639 ὀφθαλμῶν
927 557 1118 642 λιυκώμιιτα,
1142 561 1193 626 cui
1223 563 1345 631 addimit

191 651 352 740 Hesychius
374 654 393 720 I
417 663 480 720 272
506 657 639 741 ἄργιμα·
662 659 701 725 τιν’
726 663 777 725 ἐπὶ
799 669 863 725 τῶν
885 661 1062 746 ὀφθαλμῶν
1084 662 1277 750 isaachium.
1302 672 1342 738 cf.

189 759 315 826 Schmidt
334 760 470 848 Didymi
490 762 606 848 fragm.
628 786 661 850 p.
686 772 739 830 88.

254 868 431 934 Erotianus
452 890 486 955 p.
512 877 564 954 57,
588 879 606 935 3
631 871 746 959 ἄλφιτα
770 873 936 957 πρυκιιίνια·
960 875 1000 942 τά
1035 877 1177 960 γινόμενα
1210 883 1244 946 ἐκ
1278 888 1340 951 riis

190 975 333 1059 ι’φριῖιιτιυν
356 985 477 1058 κριθῶν
500 974 596 1054 οὕτως
618 978 748 1043 Ἀττικοὶ
767 964 923 1057 tortosa,
946 981 998 1047 cui
1031 982 1136 1051 innuit
1157 982 1340 1072 Hesychius

185 1079 286 1147 111381
316 1082 474 1164 πρόκιυνιι·
499 1082 538 1148 τιν’
563 1088 595 1150 ἐκ
618 1089 682 1149 τῶν
704 1086 749 1171 μή
773 1088 992 1169 πεφρυγμένων
1014 1096 1131 1172 κριθῶν
1157 1091 1338 1178 ἄλφιτα.-

185 1187 321 1275 Didymus
346 1188 479 1275 quidem
502 1189 572 1276 ipse
595 1191 689 1255 ahter
711 1193 824 1256 statuit
851 1195 940 1280 apud
965 1195 1125 1283 Harpocr.
1146 1220 1179 1285 p.
1205 1210 1282 1287 158,
1297 1214 1336 1269 lt

184 1297 328 1377 ιρικώνιᾳ·
355 1298 495 1378 Δίδυμος
517 1298 553 1363 δὲ
584 1298 744 1381 specuium,
776 1303 864 1386 φησί,
889 1305 977 1384 napos*
1007 1306 1106 1386 μέλιτι
1135 1311 1333 1391 κεχρισμένον.

184 1401 428 1483 ddchmidtius
442 1404 464 1470 l.
480 1404 502 1469 1.
517 1425 549 1492 p.
566 1412 620 1471 40.
674 1405 732 1472 sed
755 1408 864 1473 statim
878 1407 1117 1496 Harpocration
1133 1411 1237 1480 addit:
1253 1416 1333 1500 Ἀρι-

126 1512 130 1569 ἰ
184 1514 310 1601 σιριὶνης
335 1513 375 1579 δὲ
397 1512 416 1579 o'
438 1511 643 1607 γρυμμιιτικὸς
666 1516 715 1578 καὶ
739 1513 927 1607 Κριι’τρς“)Δ
945 1517 984 1581 roi
1017 1520 1050 1595 ἔξ
1071 1518 1237 1606 α’φρύκτων
1266 1546 1332 1605 κρι-

126 1612 129 1665 i
181 1624 224 1683 tir
239 1619 329 1687 οὕτω
357 1623 453 1704 φασὶν
475 1619 690 1701 ὀνομάζεσθαι,
711 1640 795 1706 quae
817 1626 931 1707 aperte
953 1620 1120 1688 declarant
1142 1627 1331 1695 memoriam

126 1708 128 1757 2
176 1723 401 1816 tdetophanis,
424 1749 467 1794 ex
489 1748 551 1813 quo
574 1726 749 1792 Erotianus
778 1731 811 1792 et
841 1725 1025 1815 Hesychius
1054 1731 1269 1818 proiecerunt,
1300 1739 1334 1801 et

173 1831 304 1919 ¹distatis,
337 1835 440 1900 ouius.
464 1834 682 1901 testimonium
712 1832 946 1920 Aristophanes
970 1834 1226 1929 adposueret⁴⁸y
1254 1862 1332 1927 quo-

126 1930 128 2039 }
174 1962 214 2028 qne
239 1965 258 2010 e
286 1940 439 2029 Didymo
463 1942 675 2009 emarcuisse.
716 1961 860 2037 namque
883 1963 926 2008 ex
945 1941 1109 2008 Athenaei
1130 1945 1334 2031 potissimum

173 2046 227 2117 lctis
256 2052 367 2117 talem
403 2050 637 2137 Didymeorum
671 2068 805 2134 operum
837 2048 995 2113 rationem
1026 2048 1124 2114 fuisse
1160 2053 1329 2139 perspicue

180 2159 377 2243 agnoscitur,
406 2160 444 2223 ut
464 2154 656 2242 scriptorum
679 2153 720 2219 de
752 2173 787 2219 re
824 2151 1004 2239 principum
1034 2156 1262 2242 sententiares
1293 2161 1329 2227 in

183 2260 283 2330 umus
318 2267 503 2328 contractas
532 2266 728 2348 conponeret
766 2265 799 2325 et
822 2265 831 2299 ‘
834 2258 909 2344 fere
944 2262 973 2323 ei
1004 2283 1100 2349 qaam
1120 2242 1231 2349 primo
1262 2267 1328 2333 loco

126 2410 128 2433 ,
180 2385 278 2453 porroet
301 2393 400 2435 samm
423 2368 577 2434 calmiwm
601 2366 737 2447 adderet,
760 2367 890 2454 iadiqmo
921 2379 1024 2433 tamem
1058 2392 1098 2434 me
1132 2393 1169 2436 ea
1201 2373 1328 2462 paidom

180 2498 301 2565 oppressa
324 2478 460 2562 cilcario,
484 2478 536 2541 cai
557 2477 709 2541 minorem
731 2477 797 2562 ipse
812 2472 1070 2561 probabilitatem
1093 2476 1260 2545 arthocrea?

126 2632 128 2641 .
238 2586 391 2653 Tertium
413 2584 598 2670 exemplum
619 2582 753 2668 Didymi
785 2581 826 2646 ab
858 2581 1013 2649 Erotiano
1048 2585 1204 2671 usurpati,
1239 2588 1325 2677 quod

174 2709 273 2777 promo,
293 2693 392 2759 nobis
415 2690 507 2775 dabit
537 2689 621 2755 Orus
651 2687 796 2773 Milesius
826 2688 861 2752 in
897 2709 972 2753 mss.
1007 2688 1085 2755 bibl.
1119 2710 1187 2776 reg.
1219 2692 1323 2762 Paris.

175 2800 241 2883 apud
259 2799 439 2867 Ruhnken.
467 2796 568 2884 praef.
592 2796 636 2860 ad
668 2793 811 2880 Hesyoh.
845 2815 878 2880 p.
915 2792 968 2859 IX
1000 2796 1082 2860 conl.
1117 2796 1187 2871 cod.
1219 2798 1322 2865 Panis.

175 2911 240 2973 26³0
261 2907 351 2995 apud
374 2905 509 2972 Bekker
532 2903 643 2970 anecd.
666 2923 715 2989 gr.
738 2921 770 2988 p.
798 2909 899 2967 1386:
923 2903 1057 2988 καρύκη·
1091 2903 1204 2991 impari
1224 2933 1253 2972 τι
1281 2912 1322 2974 δι’

174 3054 458 3071 ψει-

222 3148 265 3216 45)
284 3149 412 3212 Qnisnsm
431 3162 445 3196 e
464 3145 610 3199 Cratetibue
629 3145 832 3212 cognominibus,
855 3159 965 3210 quorum
984 3146 1077 3197 multos
1098 3147 1199 3214 antiqui
1217 3158 1318 3218 norant,

170 3235 321 3305 intellegatur,
348 3253 402 3288 non
422 3237 524 3302 liquido
550 3239 657 3288 constat.
693 3237 738 3286 sed
762 3253 815 3287 non
840 3238 942 3301 dubito,
959 3238 1022 3303 quin
1044 3245 1112 3288 recte
1136 3239 1319 3292 Atheniensem

168 3314 209 3377 isse
224 3327 342 3379 statuerit
359 3324 594 3377 CWachsmuthins
613 3325 645 3374 de
659 3325 760 3375 cratete
778 3326 886 3377 Mallote
904 3343 930 3392 p.
949 3328 990 3388 35,
1009 3327 1055 3393 qui
1068 3329 1136 3395 περὶ
1154 3325 1214 3384 τῶν,
1230 3323 1317 3393 Ἀθή-

165 3431 217 3479 νρσι
232 3412 347 3470 θυσιῶν
366 3413 408 3482 (oi.
421 3414 517 3466 Surdas
533 3428 554 3465 a.
572 3429 599 3466 n.
621 3409 783 3482 εἰρεσιώνη,
801 3415 876 3467 Phot.
889 3431 915 3468 m
929 3409 1073 3482 κύννειος)
1094 3415 1204 3480 scripsit,
1225 3423 1314 3467 eontra

163 3502 316 3573 degenerum
333 3506 367 3555 de
385 3505 446 3555 aula
466 3502 578 3552 Attalica
593 3519 620 3567 p.
634 3505 684 3552 149
698 3509 723 3552 et
735 3503 881 3554 Nanckium
894 3503 1023 3568 Aristoph.
1036 3503 1099 3568 Byz.
1112 3504 1202 3568 fragm.
1215 3520 1241 3569 p.
1255 3507 1315 3565 2⁵28,

160 3594 195 3656 qni
211 3595 243 3645 de
260 3596 384 3646 Mallotes
403 3593 471 3642 libro
492 3593 559 3659 περὶ
580 3589 629 3655 τῆς
648 3587 765 3654 decinis
785 3589 938 3645 διαλέκτου
956 3594 1143 3657 cogitauerunt.

215 3684 261 3751 46)
282 3686 360 3735 Hunc
378 3683 447 3733 enim
466 3682 493 3730 in
512 3682 615 3731 modum
633 3684 714 3732 uerba
727 3677 935 3751 Ἀριστοφάνης
951 3684 1001 3733 καὶ
1015 3679 1131 3748 Κράτης
1150 3683 1314 3750 explananda

154 3779 204 3823 sunt
220 3790 234 3825 e
253 3789 323 3825 more
341 3770 574 3839 grammaticorum,
594 3771 626 3820 de
651 3786 702 3835 quo
727 3771 800 3822 docte
819 3776 925 3838 egerunt
950 3772 1136 3823 MSchmidtius
1155 3773 1189 3823 ad
1206 3771 1313 3837 Didymi

151 3858 229 3929 fragm.
248 3879 274 3928 p.
293 3864 345 3914 289
365 3878 392 3914 n.
412 3862 474 3911 294.
493 3861 544 3910 344
561 3863 587 3909 et
615 3859 702 3909 Naber
728 3860 756 3908 in
780 3863 920 3927 prolegom.
945 3863 978 3912 sd
997 3861 1072 3912 Phot.
1091 3861 1142 3913 lex.
1160 3877 1186 3926 p.
1207 3863 1246 3924 10,
1267 3860 1313 3925 qui

148 3953 262 4018 conplura
280 3951 401 4016 exempla
421 3948 515 3999 adfert.

206 4040 253 4107 47)
271 4041 353 4091 Felici
366 4041 473 4089 fortuna
484 4038 580 4086 iactum
592 4041 638 4099 est,
657 4041 687 4086 ut
698 4038 846 4088 Macrobius
867 4041 914 4089 sat.
934 4038 957 4086 V
971 4037 1003 4085 18
1017 4038 1185 4101 fragmentum
1203 4036 1311 4101 Didymi

143 4130 215 4195 ipsius
233 4128 362 4196 ‘micare
377 4126 499 4192 detenti,
522 4140 577 4179 aco
601 4128 757 4179 cordracti'
777 4128 925 4184 seruauerit.
945 4126 1015 4177 nude
1038 4125 1205 4189 intellegitur,
1228 4135 1307 4188 quam

143 4222 252 4287 copiosus
269 4226 296 4272 et
314 4221 412 4273 uectus
431 4215 563 4280 Didymus
580 4217 608 4267 in
627 4216 811 4267 uocabulorum
829 4214 1041 4278 interpretatione
1059 4212 1146 4266 inerit.
1231 4226 1234 4231 '

1123 4323 1143 4369 t)
