2946 4620
627 233 668 287 XI

52 424 193 512 pedibus
216 429 254 490 ut
275 426 367 491 aiunt
388 427 618 495 transeundum
640 446 711 496 esse
734 427 861 513 ducam,
878 426 932 516 qul
955 422 989 495 in
1012 424 1229 520 hltymologici

51 532 125 599 loco
158 531 307 597 Erotiani
341 531 460 599 nomen
487 534 528 614 in
551 536 658 602 notius
689 536 769 601 illud
799 535 1015 624 Herodiani')
1049 559 1069 604 a
1098 538 1227 608 librarIo

52 637 272 726 deprauatum
294 646 392 729 atqua
419 641 610 708 Erotianum
632 643 729 709 lexioi
758 650 922 710 auctorem
945 666 1015 712 esse
1037 648 1228 714 autumauit.

49 745 275 834 Etymologici
316 749 402 814 enim
438 749 528 815 locus
569 749 684 815 iisdem
715 770 821 837 paene
854 752 974 835 uerbis,
1010 752 1135 818 omissis
1162 754 1227 820 illis

51 855 166 935 ιοὕτως
188 856 374 942 Ἡρωδιανὸς
395 861 429 924 ἓν
450 864 496 948 τῷ
517 862 585 940 περὶ
601 859 773 945 ἐξηγήσεως
787 866 851 924 τῶν
866 859 976 937 λέξεων
1002 859 1227 943 'lnncapa'rovc’

49 983 116 1027 una
139 984 216 1029 cum
238 964 408 1051 permultis
430 966 502 1030 aliis
525 965 653 1031 scholiis
672 964 716 1029 ad
730 960 909 1049 marginem
931 965 1078 1030 codicum
1100 964 1227 1054 Hippo·

49 1071 146 1136 cratis
162 1071 400 1137 Vaticanorum
415 1078 448 1138 et
461 1071 681 1138 Parisinorum
694 1078 841 1159 repertus
857 1078 919 1139 est:
944 1094 1027 1161 quae
1050 1074 1159 1139 omnia
1181 1073 1226 1140 ad

50 1179 246 1245 Erotianum
262 1179 314 1267 (ir.
335 1178 433 1265 VIII)
449 1185 613 1246 auctorem
635 1178 804 1245 referenda
825 1200 897 1244 esse
921 1181 1081 1266 copiosius
1112 1185 1227 1268 postea

54 1286 357 1354 demonstrabimus.
403 1285 594 1352 Erotianum
620 1306 716 1373 porro
740 1287 887 1372 agnoscit
914 1287 1056 1354 Galenus
1088 1290 1109 1354 l.
1142 1312 1168 1356 s.
1198 1311 1225 1356 c.

56 1415 87 1480 p.
108 1403 185 1478 490,
211 1394 269 1481 qui
291 1412 366 1460 eum
388 1412 461 1461 cum
483 1392 615 1460 Zenone
636 1393 827 1480 Herophilio
851 1400 885 1460 et
902 1394 1048 1461 Zeuxide
1067 1395 1102 1461 in
1117 1401 1226 1483 partes

61 1509 160 1568 uocat:
186 1522 254 1588 quo
278 1501 360 1585 loco,
384 1505 539 1588 utsupra
561 1501 681 1586 monui,
708 1501 856 1567 Erotiani
885 1504 1078 1569 sententiam
1108 1505 1226 1571 lacuna

60 1609 167 1676 hausit.
216 1608 259 1673 cf.
283 1607 429 1674 Erotion.
452 1629 485 1695 p.
510 1614 551 1674 85
576 1630 623 1696 sq.
669 1630 798 1675 omnem
818 1610 957 1698 denique
980 1614 1165 1700 scrupulum
1185 1611 1226 1678 de

56 1738 125 1784 uero
161 1717 307 1783 auctoris
340 1716 470 1781 nomine
500 1735 586 1780 nuno
623 1717 768 1783 eximunt
803 1719 877 1783 libri
915 1721 1086 1807 ἐξηγήσεως
1125 1730 1225 1787 mand

56 1826 170 1914 scripti,
195 1825 255 1912 qni
277 1824 421 1889 tmanimi
442 1844 600 1889 consensu
623 1824 737 1889 harum
767 1828 878 1904 λέξεων
904 1833 1067 1894 auctorem
1097 1828 1226 1894 Erotiu-

57 1936 158 2018 num⁸)
185 1932 309 2020 ‘probo
337 1952 518 2018 graecoque
539 1932 684 1998 nomine’
707 1931 883 2020 adpellant.

137 2040 319 2106 Erotianus
343 2059 406 2125 quo
436 2039 558 2127 oppido
596 2061 658 2128 quo
696 2061 814 2125 genere
848 2046 942 2105 natus
980 2040 1022 2104 sit
1053 2037 1224 2125 nescimus,

62 2166 116 2232 quo
134 2153 249 2215 antem
272 2153 420 2233 tempore
440 2148 568 2233 uixerit,
592 2148 697 2213 adhuc
727 2147 833 2234 aliquo
861 2146 957 2212 modo
979 2147 1112 2213 definire
1137 2148 1224 2234 licet,

71 2256 204 2338 quoniam
240 2256 313 2342 ipse
352 2256 541 2341 opusculum
572 2276 665 2321 suum
694 2253 922 2319 Andromacho
952 2255 1090 2340 cuidam,
1130 2276 1225 2342 quem

74 2363 249 2450 deprwpdst)
273 2363 429 2447 nominat,
445 2363 608 2429 dedicauit
631 2368 664 2429 et
684 2362 922 2430 commendauit
944 2363 1081 2449 praelat.
1105 2364 1173 2430 init.
1189 2386 1223 2452 p.

72 2476 105 2535 it
116 2471 151 2536 cf.
166 2478 287 2556 tragm.
303 2470 461 2536 LXXXI.
506 2470 727 2536 Andromachi
742 2475 851 2535 autem
869 2471 904 2534 in
918 2476 1062 2536 nostram
1077 2472 1226 2537 notitiam

66 2585 273 2661 peruenerunt
295 2579 369 2663 duo,
393 2584 489 2665 pater
517 2584 551 2645 et
577 2579 672 2661 filius,
697 2599 833 2664 quorum
861 2577 925 2660 ille,
950 2579 1004 2665 qui
1030 2583 1095 2642 tres
1125 2579 1224 2644 libres

64 2683 100 2751 de
126 2687 250 2754 mibus
277 2687 586 2753 medicamentorum
618 2686 795 2772 conposuit,
824 2685 995 2771 primus¹⁰)
1025 2689 1059 2749 et
1096 2684 1225 2752 Andro·

66 2795 243 2862 machorum
265 2796 352 2863 solus
382 2795 445 2861 hac
467 2794 625 2880 dignitate
655 2793 831 2859 honoratus
867 2812 936 2858 esse
963 2790 1158 2878 perln'betur.
1183 2790 1223 2856 cf.

125 2962 152 3026 i)
171 2960 279 3015 Frustra
296 2961 376 3026 igitur
395 2963 435 3010 est
452 2959 584 3009 JFoltaius
605 2961 703 3023 quaest.
724 2957 866 3007 Herodian.
886 2955 992 3005 Bonnaa
1012 2954 1080 3004 1844
1097 2969 1123 3018 p.
1137 2956 1163 3018 4,
1175 2951 1223 3021 qui

65 3045 105 3098 hoc
126 3050 299 3117 Etpmologici
324 3050 412 3115 magni
440 3048 497 3099 loco
523 3049 596 3098 nisus
619 3046 697 3097 talem
722 3046 886 3111 scriptionem
915 3042 1086 3094 HerodianeIs
1120 3040 1222 3097 adicere

65 3138 145 3202 uoluit,
163 3140 261 3191 iniuste
280 3139 416 3191 Lehmium
432 3137 571 3204 inculpent
589 3136 658 3202 quod
677 3151 734 3187 eam
754 3135 840 3186 omisit
858 3151 884 3183 n.
897 3130 978 3183 rhein.
997 3145 1062 3182 mus.
1076 3131 1221 3199 111‘rosq.

125 3228 152 3292 8)
173 3227 339 3280 ‘Erotianus'
368 3231 408 3278 est
430 3227 458 3277 in
483 3225 650 3290 inscriptione
668 3224 823 3287 Rauennati,
849 3238 927 3288 quam
952 3236 984 3271 ex
1009 3219 1094 3271 Rubel
1113 3220 1223 3272 hianda

64 3317 201 3379 publicauit
219 3317 314 3369 Gruter
331 3315 397 3367 thes.
415 3316 531 3380 inscript.
551 3316 611 3377 393,
626 3318 649 3366 1.
669 3311 820 3367 ‘norisne’
839 3314 935 3365 ibidem
956 3313 1033 3372 1062,
1047 3314 1072 3362 8.

127 3405 155 3473 9)
173 3408 213 3456 De
231 3406 309 3457 titulo
328 3399 490 3474 α’ρχιατρός
508 3408 534 3453 et
551 3403 608 3453 etus
625 3403 814 3469 significatione
832 3404 863 3452 cl.
882 3401 1071 3453 therourialis
1089 3415 1144 3453 uar.
1163 3403 1222 3455 teet.

63 3488 141 3545 11111
162 3490 388 3560 (Venetiis1593)
408 3509 433 3558 p.
453 3494 505 3542 80a
522 3508 561 3558 sq.
602 3492 743 3543 OIIuierius
766 3494 800 3543 ad
819 3507 936 3543 marmor.
957 3489 1059 3563 Pisaur.
1078 3505 1106 3561 p.
1126 3492 1176 3543 152
1195 3495 1222 3545 oi

62 3582 189 3649 inprimis
207 3584 372 3634 Achermann
391 3576 626 3648 ‘ertdatcrurrpen
644 3564 885 3647 derwIcItip‘otea
903 3584 1024 3647 praetre,
1042 3582 1149 3632 welche
1167 3568 1225 3649 auf

63 3670 101 3722 dic
117 3672 459 3738 mediaret-cerscamp
478 3671 566 3737 tranq
583 3671 685 3722 tatea'
702 3672 731 3722 in
751 3672 821 3738 Pylii
833 3673 1001 3737 repertorium
1017 3673 1059 3722 itlr
1076 3671 1120 3723 die
1132 3672 1223 3725 offeni·

63 3759 185 3815 licheund
203 3760 373 3831 gerichtliche
391 3761 654 3811 arundeissenschalt
672 3761 699 3810 11
719 3763 769 3812 182
789 3776 827 3827 eq.

125 3857 169 3920 10)
188 3855 217 3908 Si
236 3868 302 3904 uere
318 3849 425 3901 scholiis
442 3849 476 3899 ad
493 3850 616 3901 quenal.
634 3855 682 3902 sat.
702 3851 726 3901 X
744 3853 794 3907 221
814 3869 840 3917 p.
860 3852 911 3902 327
929 3851 1000 3903 Jahn
1018 3850 1082 3902 fides
1099 3851 1223 3903 habende

64 3947 103 4006 est,
125 3945 274 4005 Themison,
306 3939 467 4004 Asclepiadis
493 3938 600 4004 Bithyni
625 3939 729 3989 auditor
753 3945 779 3990 et
802 3945 886 3990 sectae
910 3939 1071 3990 methodicae
1096 3939 1218 4001 conditor,

64 4034 102 4095 qui
117 4022 232 4099 Pompeii
251 4035 369 4094 tempore
387 4027 461 4089 uixit,
481 4023 582 4093 (Galen.
605 4028 751 4096 εἰσαγωγὴ
773 4022 789 4092 ἢ
809 4021 907 4094 ἰατρός
926 4028 978 4076 cl
996 4032 1015 4076 t.
1028 4024 1108 4076 XIIII
1121 4024 1173 4076 684
1185 4027 1219 4076 Κ.

65 4119 141 4174 &leus
156 4123 240 4190 praef.
260 4121 320 4186 pt
341 4114 380 4168 ed.
398 4116 563 4182 nuremberg,
582 4116 686 4170 Plinius
705 4134 730 4167 n.
750 4117 776 4168 h.
793 4114 922 4166 XXVIIII
942 4117 965 4180 l,
980 4114 1008 4179 6)
1028 4116 1079 4164 iam
1098 4112 1220 4166 archiatri

65 4207 205 4269 delemus
224 4217 274 4263 ast·
