2946 4620
491 1288 873 1478 rnlnrlrro

173 1636 326 1701 Erotiaui
369 1636 496 1702 lexicon
531 1638 679 1704 dictionis
712 1638 980 1725 Hippocratioae‚
1017 1635 1123 1701 bonae
1159 1633 1262 1719 frugis
1379 1724 1382 1729 Ι

86 1763 219 1843 librum,
243 1760 371 1846 quippe
391 1780 452 1825 neo
480 1760 574 1827 facile
596 1762 742 1848 parabile
764 1783 825 1828 neo
847 1762 924 1828 satis
952 1761 1165 1844 emendatum,
1188 1759 1262 1845 plus

81 1886 173 1951 iusto
195 1908 217 1951 a
245 1884 409 1950 communi
430 1906 491 1949 uau
513 1890 547 1951 at
566 1886 704 1951 utilitate
731 1885 882 1972 impediri
903 1905 1030 1971 semper
1063 1904 1160 1967 aegre
1191 1881 1260 1947 tuli.

81 2033 156 2076 oum
179 2012 285 2096 igitur
308 2015 386 2075 anta
410 2009 491 2075 duos
513 2010 697 2075 fercannus
713 2016 798 2075 totus
820 2011 855 2073 in
876 2008 984 2074 critico
996 2027 1101 2071 nouae
1113 2003 1262 2070 editionis

85 2137 305 2200 instrumento
323 2134 537 2220 conquirendo
553 2139 791 2220 conquestoque
800 2132 976 2218 digerendo
986 2152 1142 2214 uersarer,
1154 2128 1260 2195 subito

94 2259 217 2324 nuntius
245 2258 291 2324 ad
306 2279 359 2324 me
380 2258 585 2324 adserebatur
606 2279 659 2324 me
681 2258 715 2321 in
736 2257 968 2323 Ermerinsii
993 2258 1113 2323 Bataui
1131 2255 1261 2343 prouin-

95 2383 174 2447 ciam
187 2383 353 2449 inuasisse
369 2389 401 2448 et
424 2404 505 2469 quae
522 2405 637 2470 parare
652 2383 826 2470 inceperim
840 2383 931 2449 illum
945 2403 1049 2470 paene
1071 2383 1137 2447 iam
1156 2381 1262 2449 absol·

84 2510 181 2574 uisse.
232 2528 359 2572 uerum
389 2512 497 2572 tamen
525 2529 576 2573 res
607 2514 735 2593 praeter
762 2509 946 2595 opinionem
968 2528 1120 2594 prospere
1144 2508 1261 2574 euenit.

84 2631 351 2714 interrogantem
366 2633 450 2697 enirn
471 2632 547 2719 quid
562 2633 609 2698 rei
625 2638 709 2698 esset
722 2632 864 2697 medicus
887 2631 941 2696 illa
957 2630 1208 2716 φιλολογιότατος,
1224 2638 1262 2698 ut

93 2774 172 2817 eum
187 2774 310 2820 summo
326 2757 396 2820 iure
418 2777 520 2842 nuper
534 2758 706 2824 Francken
720 2759 908 2842 nominauit,
924 2779 989 2822 non
1011 2756 1107 2821 modo
1129 2777 1194 2820 non
1217 2757 1260 2822 ab

91 2879 221 2966 incepto
249 2904 300 2946 mc
326 2884 492 2947 reuocauit
518 2883 575 2948 sed
598 2884 718 2949 cunctis
734 2905 817 2970 quae
831 2884 901 2968 ipse
921 2885 1126 2967 congesserat
1142 2880 1261 2946 eximia

88 3025 154 3088 qua
178 3010 230 3068 est
254 3006 462 3072 humanitate
490 3013 523 3072 et
549 3009 700 3074 comitate
722 3009 915 3074 transmissis
945 3009 1043 3074 etiam
1071 3027 1130 3094 per
1166 3027 1262 3075 omna

82 3135 228 3214 tempus,
259 3151 322 3215 quo
355 3131 541 3196 exornanda
573 3133 713 3199 editione
740 3139 914 3219 occupatus
937 3154 1035 3216 eram,
1059 3131 1198 3197 consiliis
1228 3137 1262 3198 et

81 3251 377 3318 emendationibus
408 3256 677 3322 communicandis
695 3278 891 3343 magnopere
903 3259 1035 3323 adiuuit.
1073 3257 1263 3345 splendidis·

82 3380 205 3442 simum
239 3384 350 3443 antem
374 3400 501 3463 munus,
526 3381 611 3467 quod
633 3381 712 3446 mihi
735 3382 832 3466 dedit,
854 3388 929 3447 sunt
956 3383 1139 3467 fragmenta
1167 3382 1264 3449 lexici

81 3503 266 3586 Erotianei‚
297 3504 434 3588 quaein
456 3506 654 3591 marginibus
677 3507 823 3574 codicum
844 3507 1010 3592 Vaticani,
1041 3507 1207 3572 Urbinatis
1228 3511 1262 3572 et

79 3628 307 3695 Laurentiani
323 3633 475 3714 excerpta
493 3649 512 3692 a
536 3628 658 3695 (lobeto
675 3629 759 3695 dono
780 3636 956 3716 acceperat.
991 3631 1045 3716 qui
1064 3631 1260 3715 factumest,

84 3763 114 3821 ut
146 3757 303 3819 nostram
335 3751 474 3835 opellam
507 3752 541 3816 in
571 3753 725 3820 Erotiano
749 3756 949 3820 conlocatam
977 3757 1133 3822 nollemus
1154 3758 1261 3845 bipar-

83 3883 177 3949 titam
204 3898 290 3943 essa.
314 3878 452 3962 primum
476 3879 561 3944 enim
582 3880 615 3945 in
638 3882 875 3966 prolegomenis
898 3883 1105 3969 exposuimus
1129 3883 1261 3951 deErc·

81 4008 164 4075 tiani
187 4004 263 4069 uita
286 4006 320 4068 et
343 4002 478 4088 scriptis,
503 4002 543 4067 de
566 4004 661 4069 lexici
684 4005 869 4071 condicione
892 4012 926 4072 ct
946 4006 1098 4090 fontibus,
1122 4007 1261 4094 denique

80 4134 121 4200 de
145 4133 291 4214 ratione,
316 4149 412 4214 quam
426 4129 462 4192 in
482 4134 574 4195 textu
597 4151 670 4195 oum
679 4130 933 4217 fragmentorum
954 4137 1023 4197 tum
1044 4131 1140 4198 lexici
1161 4133 1261 4221 ipsius
