2946 4620
98 194 101 228 Ι

98 251 104 405 l

676 276 792 332 xxxm

162 464 281 548 pcccatis
311 465 573 533 elaboreuerunt
620 468 785 557 Apollonii
816 473 902 539 enim
930 471 1080 538 Oitiensis
1119 479 1315 555 commente-

157 570 233 653 num,
258 577 295 637 ut
328 574 520 660 conparatio
545 576 613 643 eius
645 599 718 643 cnm
747 578 903 644 Erotieno
934 579 1020 644 facte
1055 586 1167 667 aperte
1196 572 1331 668 arguit·

155 676 313 745 Bretianus
335 702 405 746 non
434 682 590 748 adhibuit.
637 685 723 750 idem
750 685 865 751 eadere
901 691 979 773 puto
1003 687 1037 751 in
1058 687 1194 773 Zeuxin,
1223 690 1312 756 euius

152 790 388 855 commentarios
413 790 481 854 iam
510 790 662 877 Galenus,
688 795 743 879 qui
772 792 860 859 houd
887 793 987 859 multo
1019 799 1094 880 post
1123 794 1313 863 llrotianum

150 895 227 979 uixit,
250 918 312 961 suo
335 902 486 984 tempore
506 899 542 962 in
562 920 738 986 paucorum
763 906 890 966 tantum
912 901 1067 988 manibus}
1082 922 1152 966 esse
1176 924 1313 990 raroque

148 1000 198 1087 legi
213 1004 436 1089 conqueritur.
454 1005 493 1069 cl.
510 1005 624 1072 Galen.
647 1013 670 1072 t.
687 1008 719 1074 V
741 1030 773 1095 p.
799 1016 860 1073 411
887 1007 937 1073 ed.
960 1009 1060 1073 Besil.

222 1110 295 1177 eeu
317 1112 386 1175 iarn
407 1112 504 1177 uideo
528 1114 707 1179 orationem
728 1114 773 1179 ad
795 1114 1021 1199 grammaticos
1045 1104 1311 1203 delapsam'essa

146 1219 215 1287 inter
240 1240 329 1307 quos
362 1220 554 1287 eiectatem
577 1227 703 1308 spectas
726 1224 867 1309 primurn
888 1224 996 1287 locum
1019 1222 1144 1288 obtinet
1177 1222 1313 1289 Xeno-

146 1328 270 1395 critus
297 1328 398 1396 Gens.
432 1329 569 1395 isenirn
584 1331 737 1415 omnium,
755 1331 859 1416 quiin
877 1330 1087 1417 Hippocratis
1100 1332 1313 1396 elocutionem
1402 1412 1406 1423 Ι

146 1434 383 1523 inquisiuerunt,
402 1458 475 1501 cnm
489 1436 686 1503 medicorum
700 1444 770 1503 turn
779 1439 1061 1524 grammaticorum
1073 1438 1313 1524 antiquissimus
1333 1432 1336 1439 ’

152 1562 204 1611 ecre
224 1544 376 1612 traditur
398 1544 440 1609 ab
463 1542 627 1609 Erotiene-
652 1566 685 1631 p.
712 1552 764 1629 31,
790 1554 819 1629 7,
855 1546 910 1633 qui
942 1545 1037 1610 huius
1071 1544 1181 1611 indicii
1215 1551 1313 1611 testeo

146 1652 261 1736 prodire
287 1652 386 1717 iubet
407 1650 616 1717 Heraclidem
639 1653 860 1737 Tarentinum,
893 1652 1104 1740 Apollonium
1138 1653 1340 1719 Citiensem·

144 1758 489 1845 etllellimachum,³')
505 1759 560 1845 qui
575 1758 747 1846 Herophili
767 1766 874 1827 sectae
897 1756 1043 1825 addietu's
1068 1767 1146 1826 eret.
1194 1754 1314 1826 eetero-

142 1866 208 1951 quin
231 1868 308 1933 eius
328 1872 422 1933 aetas
436 1866 649 1931 incertissimo
665 1872 730 1931 est:
753 1866 810 1931 sed
825 1866 962 1932 fortusse
980 1866 1153 1954 Herophili
1167 1872 1313 1953 tempore

141 1974 221 2058 uixit,
245 1975 331 2062 quia
354 1972 525 2057 Bacchius,
549 1973 605 2060 qni
627 1972 890 2059 Herophilicrum
912 1978 1019 2038 sectae
1050 1994 1084 2037 se
1108 1972 1310 2057 adiunxerat,
1336 1984 1339 1989 '

142 2100 205 2147 enm
217 2084 254 2147 in
265 2083 336 2151 hoc
351 2100 472 2166 genere
486 2079 666 2144 studiorum
680 2085 808 2146 secutus
816 2084 882 2144 est.
928 2078 1006 2165 quid
1023 2100 1100 2145 uero
1116 2078 1312 2146 Xenocritus

145 2190 369 2277 iugloseerum
384 2187 615 2274 explanatione
630 2187 836 2273 praestiterit,
851 2187 886 2251 in
899 2186 1156 2251 testimoniorum
1176 2184 1312 2275 penuria

152 2316 263 2381 promus
287 2297 462 2363 nescimus.
510 2300 595 2360 certe
618 2294 686 2360 eius
708 2294 822 2360 merite
844 2314 964 2378 magne
986 2313 1053 2359 uon
1076 2294 1214 2379 fuerunt,
1239 2314 1311 2377 enm

153 2406 249 2490 qutun
273 2405 327 2470 uti
358 2402 486 2467 licuerit
518 2406 713 2489 praeparata
747 2402 778 2465 ei
810 2400 955 2466 nondum
987 2406 1096 2466 essent
1126 2402 1312 2468 eruditionis

147 2512 279 2578 subsidia
312 2514 413 2594 atque
445 2510 667 2574 instrumente.
725 2512 801 2572 ante
824 2508 933 2572 omnia
963 2508 1072 2573 autern
1105 2508 1147 2573 ed
1180 2508 1312 2576 Io'ni'cee
1339 2522 1342 2527 '

146 2614 294 2685 dulmene
316 2616 535 2703 proprietates
557 2616 702 2680 animum
724 2616 889 2701 adpulisse
919 2616 1056 2700 uidetur,
1080 2616 1108 2681 ei
1131 2636 1173 2682 ex
1205 2602 1313 2703 unioog
1331 2622 1343 2635 ''

147 2726 222 2811 qnod
245 2725 346 2791 nobis
369 2723 543 2791 Erotienus
566 2745 591 2789 s.
614 2744 646 2788 u.
662 2724 909 2808 dlloedoaorreg
923 2744 955 2809 p.
975 2730 1026 2807 39,
1044 2730 1084 2788 10
1100 2722 1264 2810 (=fragm.
1280 2723 1310 2808 Ι)
1326 2704 1331 2717 ’

145 2833 288 2917 seruauit,
312 2832 496 2918 fragmento
518 2832 735 2896 coniecturum
757 2831 865 2897 facere
887 2830 972 2915 lieet,
1006 2850 1068 2919 quo
1101 2830 1310 2917 ᾤλλοφάσσειν

147 2940 274 3005 uerbum
309 2940 399 3026 apud
431 2938 535 3005 lonae
564 2939 598 3005 in
631 2939 747 3004 mentis
764 2936 976 3004 *alienatione
1010 2936 1083 3002 diei'
1112 2936 1330 3027 obsemeuit.·'

148 3047 307 3113 consilium
331 3046 433 3131 igitur
454 3044 585 3110 minime
608 3044 825 3132 spernendum
843 3045 876 3108 in
900 3045 1054 3131 opusculo
1088 3066 1146 3110 suo
1181 3034 1309 3112 secutus
1331 3036 1346 3070 '²

151 3160 200 3236 est,
214 3154 243 3219 si
256 3154 494 3241 Hippocratem
508 3153 623 3220 Ionem
642 3154 740 3219 fuisse
754 3153 935 3240 Iouemque
946 3151 1126 3218 'dialectum
1138 3152 1312 3241 usurpasse
1328 3168 1332 3173 '

149 3264 244 3327 tecum
265 3260 532 3327 consideraueris.
578 3284 581 3289 ·
1314 3258 1317 3263 '

224 3368 340 3453 Longo
362 3368 520 3455 temporis
534 3366 709 3433 interuallo·
728 3384 814 3429 nnnc
833 3365 988 3451 pernenio
1005 3364 1048 3430 ed
1069 3366 1310 3435 Alexandrinos

150 3477 374 3561 grummo-tices,
403 3495 582 3563 equorum
604 3494 737 3541 numero
760 3474 927 3540 innumero
959 3475 1121 3540 neminem
1151 3476 1311 3562 insignem

151 3578 238 3648 fuisse
259 3584 435 3649 Erotianus
457 3606 490 3671 p.
515 3590 567 3667 32,
594 3587 755 3665 tuamet,
786 3583 863 3668 quin
884 3583 917 3645 in
951 3581 1177 3669 Hippocratis
1196 3584 1310 3671 glossis
1337 3584 1340 3591 '

152 3692 338 3777 exponendis
360 3699 492 3779 tempus
520 3698 562 3759 et·
576 3710 708 3778 operam
732 3690 974 3776 consumpserit.
1020 3690 1058 3755 'ac
1071 3686 1170 3757 ‘eane
1201 3680 1352 3756 uariae*

212 3906 254 3975 3'1)
272 3907 467 3961 Callimachum¹
482 3894 664 3970 Herophilinm
689 3905 735 3971 qui
758 3900 853 3954 factum
879 3905 914 3955 sit
937 3909 967 3955 ut
985 3906 1121 3970 conplures
1139 3907 1311 3957 utsseehrius

153 3996 175 4044 in
190 3998 278 4066 Prulyi
297 3998 433 4066 encyelop.
453 3995 516 4045 real.
535 3995 594 4059 1¹89
613 3996 680 4045 inter
697 3995 850 4057 interpretes
864 4010 956 4045 uocum
975 3992 1142 4059 Hippon-retia
1160 3996 1310 4060 reciperent,

154 4099 195 4135 non
216 4088 341 4154 intellego.
380 4102 462 4152 quem
488 4084 556 4133 enim
582 4084 614 4133 de
638 4100 701 4133 uoce
729 4085 813 4134 θεῖον
835 4085 943 4147 protulit
973 4085 1111 4133 Erotianus
1136 4086 1224 4149 fragm.
1248 4086 1310 4136 XVI

154 4180 263 4228 sententia
279 4181 335 4230 eins
355 4194 388 4228 ex
410 4190 491 4240 opere
509 4173 609 4222 medico
629 4188 680 4223 non
700 4174 785 4225 minus
803 4175 1011 4247 fluxissepotest
1036 4189 1112 4238 quam
1133 4189 1147 4223 e
1165 4175 1257 4239 lexico,
1279 4177 1311 4226 de

157 4276 198 4324 quo
212 4271 353 4336 ceteroquin
371 4267 450 4318 nullo
467 4258 619 4315 testimonio
636 4272 751 4315 ueterum
771 4270 878 4317 constet.
934 4272 937 4281 '
