2946 4620
691 265 774 321 Xffl!

150 463 181 529 ei
210 482 292 548 opus
322 460 420 527 luisse
440 462 542 545 patet.
584 457 642 523 sed
664 463 701 523 ut
725 462 904 523 reuertatur
925 457 1026 522 oratio
1056 454 1142 520 unde
1171 455 1318 538 deflexit,

149 565 305 639 nrotios-
321 565 448 633 laxioon
472 584 590 631 noarm
612 562 917 651 Hippooratioarum
935 562 1012 629 lieet
1029 563 1134 649 primo
1160 562 1319 649 adspeotu

147 674 246 760 plano
259 672 423 758 integrum
442 687 514 738 esse
528 670 687 755 uideam,
703 676 812 739 tamen
829 690 959 759 prorsus
983 669 1046 735 olio
1065 691 1162 756 quam
1173 669 1215 734 ab
1235 669 1318 735 Ero·

146 781 234 847 tiano
250 782 450 867 publieatum
471 781 513 847 sit
532 778 655 862 ordine,
672 777 863 864 quinetiam
880 775 1046 843 oonfusum
1069 779 1318 864 mutilatumque

149 887 193 953 ad
207 894 355 961 nostrorn-
374 893 515 953 aetatem
528 886 714 972 peruenisse
731 906 772 951 en
793 884 901 950 multis
916 886 1114 969 argumentis
1138 887 1260 951 elueet:
1283 886 1318 950 id

149 993 237 1082 quod
253 993 379 1079 primas
402 992 510 1060 docuit
529 991 671 1059 medians
683 991 833 1078 idemque
848 992 1033 1077 philologus
1055 992 1143 1057 haud
1165 993 1317 1078 ignobilis

149 1099 311 1167 Adrianus
338 1100 486 1186 Heringa
508 1100 770 1167 obseruationum
790 1098 972 1165 orilioarrm
997 1121 1030 1187 p.
1049 1107 1080 1177 ,3
1105 1120 1152 1186 sq.
1191 1101 1317 1187 profisi-

150 1207 304 1273 soendum
326 1208 419 1273 nobis
442 1213 492 1273 est
515 1207 556 1272 ab
579 1206 678 1292 ipsius
696 1205 843 1272 Erotiani
876 1207 992 1273 uerbis.
1038 1209 1203 1275 recensitis
1230 1209 1315 1273 enim

150 1316 248 1383 uariis
264 1315 427 1393 uariorum
442 1315 595 1380 obsouras
612 1313 820 1399 Hippocratis
837 1335 934 1380 uoces
948 1317 1131 1402 explicandi
1151 1315 1313 1382 conatibus

150 1421 316 1489 aomodis
338 1441 393 1487 eos
415 1419 581 1506 inprimis
605 1418 747 1503 amnas,
771 1420 826 1506 qui
853 1423 1012 1489 uooabula
1035 1423 1209 1491 seeundum
1230 1424 1315 1488 litte.

150 1548 259 1599 mrum
280 1529 425 1597 ordinem
445 1525 648 1612 interpretati
669 1530 771 1609 erant,
793 1524 941 1613 Epiolem
973 1529 1044 1597 dieo
1072 1536 1105 1596 et
1140 1531 1318 1596 Glauciam.

88 1699 90 1703 .
151 1657 286 1724 quorum
307 1636 404 1723 prior,
428 1640 467 1701 ut
486 1633 653 1716 Heringae
679 1633 787 1700 uerbis
807 1639 890 1717 utar,
915 1635 1068 1705 breuittdn'
1090 1637 1223 1709 studens
1254 1660 1320 1704 non

151 1744 364 1817 adnotaoerat
397 1743 468 1808 looa
500 1741 555 1807 uel
586 1739 684 1805 libros
717 1738 937 1824 Hippooratis,
968 1742 1054 1809 unde
1088 1744 1212 1828 glossas
1246 1766 1320 1811 suas

152 1851 385 1938 desumpserst,
413 1848 501 1936 quod
520 1847 702 1913 molestiam
720 1845 851 1913 meabat
865 1847 986 1915 lectori.
1033 1849 1188 1917 Glauoiae
1211 1859 1321 1919 autem

150 1960 281 2046 seriptis
303 1980 376 2025 oum
397 1958 519 2044 ubique
538 1956 617 2021 loeis
640 1954 848 2041 Hippocratis
870 1956 1017 2022 studiose
1033 1958 1195 2026 adnotatis
1220 1962 1321 2028 nimia

149 2067 405 2146 testimoniorum
440 2065 527 2133 mole
558 2084 622 2151 qua
652 2063 816 2129 laboraret
846 2063 955 2129 taedio
982 2065 1119 2132 leotores
1154 2067 1319 2154 adficeret,

150 2173 323 2241 Erodanus
337 2173 379 2240 de
399 2194 435 2241 se
459 2193 582 2259 suaque
603 2170 728 2237 ratione
747 2169 856 2236 subdit
877 2171 976 2237 haeoe
993 2174 1038 2258 (p.
1064 2179 1116 2254 35,
1138 2176 1185 2261 7):
1214 2176 1320 2263 διόπερ

151 2280 243 2367 ἡμεῖς
262 2281 336 2346 καθ’
353 2279 486 2366 ἑκάστην
503 2280 624 2365 γραφήν
637 2276 827 2360 ἐκλεξάμενοι
850 2279 903 2356 τὰς
918 2281 1204 2363 καταγεγραμμένας
1225 2285 1322 2363 λέξεις

153 2386 204 2453 δαὶ
223 2385 280 2468 μὲν
295 2394 352 2450 τοῦ
372 2384 605 2469 συγγράμματος
618 2385 809 2471 δηλώσεμεν,
826 2384 902 2450 ὅπου
925 2386 985 2472 (sio
1000 2387 1137 2454 oonieoit
1157 2389 1321 2476 Heringa3

153 2493 258 2587 ὁποῖαι
277 2493 361 2577 libri,
382 2490 520 2559 letiense
538 2490 743 2559 scribendum
757 2489 833 2557 dnos
848 2493 953 2579 edroi)
978 2491 1159 2579 τυγχάνουσι
1184 2498 1322 2578 κείμεναι

155 2605 191 2671 ἐν
219 2600 305 2678 ὅσαις
334 2625 369 2666 τε
404 2601 520 2683 βίβλοις
554 2599 744 2681 ἱστοροῦνται
773 2598 806 2663 αἱ
837 2600 883 2684 μή
917 2600 1077 2687 συνήθεις·
1107 2603 1159 2667 διὰ
1190 2603 1227 2668 δὲ
1264 2610 1324 2690 τῆς

154 2708 354 2788 &animosos
381 2707 590 2792 ἐμφανίσομεν
610 2704 692 2770 udos
715 2705 896 2791 σημαίνουσι
926 2709 1163 2795 μιμνησκόμεναι
1185 2713 1235 2776 καὶ
1258 2718 1324 2778 τῶν

151 2814 233 2894 ἅπαξ
256 2813 424 2901 εἰρημένων
445 2822 510 2881 κτλ.
548 2813 614 2879 iam
639 2811 738 2897 igitur
759 2811 945 2898 Erotianus,
965 2818 1003 2881 ut
1027 2817 1134 2903 ipsum
1157 2840 1324 2905 exponen-

155 2922 412 3003 tomaudinisti,
439 2940 506 2985 non
534 2918 714 2985 litterarum
748 2920 805 2986 sed
829 2920 984 2987 librorum
1017 2923 1325 3011 Hippocratioorum

153 3030 300 3104 ordinem
332 3034 462 3095 seruus
494 3047 590 3093 uooes
624 3027 871 3115 uniuscuiusque
898 3031 973 3097 libri
1007 3034 1169 3120 explioare
1199 3036 1327 3102 studuit

152 3158 193 3205 eo
216 3137 327 3205 ordine
350 3157 413 3223 quo
428 3136 462 3201 in
484 3134 683 3221 Hippoorate
709 3156 780 3201 sese
795 3137 935 3203 inuioem
954 3140 1168 3226 exeipiebant.
1204 3143 1325 3227 glossis

153 3264 231 3311 uero
254 3243 328 3310 libri
350 3243 479 3308 titulum
501 3241 651 3328 praefixit
672 3263 691 3307 e
715 3263 778 3328 quo
800 3245 924 3330 petitae
953 3255 1054 3333 erant,
1089 3255 1125 3316 ut
1156 3271 1199 3317 ex
1219 3250 1325 3336 ipsius

153 3349 263 3419 uerbis
284 3370 317 3436 p.
353 3355 411 3432 36Ἰ
438 3357 479 3415 22
514 3349 720 3421 manifestum
757 3351 807 3417 fibt
842 3355 946 3421 λοιπὸν
975 3357 1146 3439 ἀρξώμεθα
1179 3358 1242 3423 dno*
1267 3367 1325 3424 rori

153 3466 390 3543 πραγνωστιιιαῦ.
416 3457 450 3525 ia
465 3458 580 3542 lexico,
596 3459 802 3544 quantumuis
824 3459 921 3528 hodie
942 3464 1033 3530 uelut
1049 3464 1164 3531 Geloni
1184 3465 1326 3532 oliorum

155 3564 276 3651 seripto
298 3565 417 3632 similia
453 3566 657 3654 alphabetico
699 3566 812 3633 ordine
839 3569 875 3635 in
907 3569 1071 3639 oodieibus
1105 3580 1328 3660 propagatum

154 3673 208 3758 sit,
235 3673 336 3741 nihilo
359 3670 469 3741 tamen
499 3674 602 3740 setius
632 3679 747 3747 extant
779 3681 828 3741 tot
858 3682 988 3764 temque
1015 3680 1130 3765 grauia
1160 3683 1327 3765 genuinae

154 3782 383 3868 oonpositionis
405 3783 543 3867 uestigia
565 3800 639 3851 osen
656 3783 771 3867 εαςεαὶ
793 3781 959 3870 Heringas
984 3788 1211 3856 obseruatione
1239 3791 1327 3858 adeo

153 3890 395 3974 consentientia,
413 3896 450 3956 ut
473 3890 571 3955 dubia
594 3911 633 3956 ea
654 3891 842 3978 neutiquam
864 3913 934 3958 esse
953 3896 1064 3980 possit.
1089 3917 1171 3982 quae
1196 3904 1325 3983 cuneta,

150 3999 213 4064 nisi
225 4019 320 4085 quem
342 3994 439 4062 niodo
455 3997 705 4083 significauimus
721 3992 866 4064 ordinem
881 4001 922 4067 ab
938 4000 1094 4068 Erotiano
1112 4002 1325 4071 obseruatum

151 4126 223 4172 esse
254 4104 481 4191 adsumpseris‚
506 4104 635 4171 omnino
669 4102 815 4193 intellegi
837 4115 1011 4194 nequeunt.
1053 4110 1106 4176 fao
1138 4112 1225 4179 eninr
1250 4135 1326 4181 eum

151 4213 383 4285 nooabulonun
412 4202 635 4305 expositionum.
655 4211 830 4291 semissium
857 4200 1024 4311 alphabeti
1053 4218 1168 4291 seriem
1194 4223 1326 4294 ordina-
