2946 4620
809 211 861 262 ΧΠ

243 388 598 476 <ramesensem
617 405 636 470 1
654 415 668 470 1
686 401 914 488 uornnup.
932 399 1005 466 en.
1028 400 1059 487 (a
1077 401 1217 486 ustura
1231 399 1420 485 swam),

250 516 299 584 Le
323 517 416 584 Olera
438 515 569 581 histoire
592 513 632 580 de
654 513 687 577 la
710 510 876 577 mddeoine
897 531 929 597 p.
953 516 1017 574 585
1041 530 1089 594 sq.
1111 508 1166 594 qui
1187 529 1260 572 oum
1280 505 1420 571 Neronis

213 622 395 706 ,medicus
429 629 523 706 esset,
560 621 636 688 inde
664 619 794 708 plurimi
834 618 1025 683 Erotianum
1062 616 1157 681 huius
1197 613 1420 680 Andromaehi

252 729 422 815 aequalem
452 728 551 794 luisse
579 728 780 814 Neronisque
812 726 1009 812 temporibus
1032 724 1152 788 uixisse
1183 723 1418 803 concluserunt,

250 837 336 902 inter
361 857 441 922 quos
463 837 593 901 nomino
617 835 792 900 Baehrium
810 834 844 899 in
859 832 969 898 Erech.
986 857 1018 896 ιι.
1037 831 1170 896 Grates.
1187 829 1423 916 eaeyclopoedie

253 965 278 1008 s.
294 964 326 1007 ιι.
344 942 519 1008 Erotianus
533 947 611 1007 sect
627 941 655 1006 Ι.
667 964 700 1029 p.
718 950 758 1008 37
773 963 805 1027 p.
822 951 886 1008 343
909 947 942 1006 et
963 939 1235 1006 Graefenhanium
1253 938 1422 1024 geschichte

253 1049 310 1114 der
340 1050 436 1115 stass.
462 1048 634 1136 philologia
665 1052 709 1112 ‘aaa
733 1050 897 1115 oltertbara
926 1055 948 1113 t.
971 1049 1025 1113 III
1046 1069 1079 1134 p.
1105 1056 1177 1111 178.
1216 1046 1275 1112 sed
1297 1045 1332 1110 hi
1353 1068 1421 1110 rem

254 1157 349 1223 nimis
380 1163 574 1245 presserunt.
626 1161 686 1222 ‘an
720 1157 806 1223 enim
835 1156 1077 1244 Epaphroditus
1110 1153 1224 1221 eodem
1257 1154 1323 1217 iotu
1348 1174 1419 1216 eum

253 1262 384 1343 ¹Nerone
406 1263 670 1329 Andromachum
691 1265 821 1330 sustulit
850 1285 910 1330 neo
939 1262 982 1328 ad
1014 1283 1087 1326 eum
1121 1260 1325 1345 superstitem
1346 1264 1419 1344 post

250 1371 484 1457 rinteremptum
506 1371 684 1456 prinoipem
709 1371 882 1437 Erotianus
903 1370 1041 1435 seribere
1067 1367 1207 1455 potuitt’
1249 1367 1363 1432 mirum
1384 1366 1419 1430 ni

256 1480 362 1566 potuit
384 1498 488 1563 neque
509 1499 530 1543 a
552 1478 677 1542 ratione
700 1485 834 1543 naturae
856 1477 1017 1541 humanae
1040 1483 1089 1540 est
1115 1476 1272 1540 absonum
1294 1473 1421 1538 Andro-

256 1586 407 1653 machum
419 1584 634 1670 quadraginta
649 1585 703 1649 uel
714 1585 948 1671 quinquaginta
960 1605 1072 1665 annos,
1082 1604 1155 1646 eum
1164 1581 1253 1647 Nero
1263 1579 1304 1645 de
1315 1579 1422 1644 medio

256 1693 402 1775 sublatus
434 1691 485 1774 sit,
520 1696 672 1774 agentem
703 1691 827 1776 aliquot
856 1711 956 1755 annos
984 1689 1209 1776 superuixisse.
1264 1687 1321 1754 sed
1352 1691 1424 1751 utut

251 1805 317 1883 est,
336 1798 411 1863 huie
438 1796 665 1863 Andromacho
689 1797 834 1863 libellum
857 1796 1022 1863 dedicasse
1044 1796 1234 1860 Erotianum
1257 1794 1425 1859 adsumere

257 1907 351 1991 graui
376 1906 502 1971 ratione
529 1904 779 1990 prohibebimur,
809 1925 891 1991 quae
915 1926 987 1969 oum
1017 1905 1073 1968 illa
1095 1902 1256 1968 sententia
1289 1907 1424 1988 pugnat

257 2014 376 2081 etenim
397 2013 571 2078 Erotianus
586 2033 611 2076 s.
628 2033 659 2075 u.
675 2011 779 2097 ἅμβην
793 2032 826 2096 p.
844 2019 949 2093 52,14
965 2009 1189 2075 Menestheum
1208 2010 1424 2074 Stratonicen·

257 2141 337 2204 sem,
354 2121 409 2206 qui
424 2120 599 2205 discipulus
617 2118 791 2185 Stratoniei
806 2126 885 2203 erat,
904 2120 1177 2186 oommemorauit.
1224 2118 1426 2184 Stratonicus

257 2247 346 2309 uero,
364 2226 478 2291 Sabini
492 2226 716 2311 Hippocratioi
731 2227 868 2309 auditor,
889 2249 962 2293 oum
975 2229 1009 2292 in
1020 2230 1265 2312 praeceptorum
1278 2247 1423 2309 numero,

144 2398 150 2412 ⁸
262 2353 398 2419 quorum
422 2331 546 2397 scholas
570 2331 840 2416 frequentauerat,
869 2356 890 2398 a
923 2335 1047 2399 Galeno
1082 2335 1122 2400 de
1159 2340 1230 2399 atra
1258 2335 1324 2400 bile
1347 2356 1375 2399 e.
1405 2342 1425 2398 4

259 2439 370 2504 uolV
393 2461 425 2526 p.
445 2445 505 2502 119
520 2437 563 2501 Κ.
587 2440 781 2524 nominetur,
793 2448 826 2505 et
842 2441 982 2507 Galenus
1006 2444 1075 2529 ipse
1098 2464 1183 2509 anno
1199 2443 1329 2508 demum
1353 2448 1428 2529 post

257 2547 336 2614 chr.
359 2568 391 2610 n.
411 2553 471 2611 131
491 2545 528 2609 in
548 2545 654 2610 lucem
675 2546 781 2613 editus
804 2548 854 2631 sit,
878 2550 953 2614 inde
975 2551 1054 2615 nihil
1086 2553 1159 2637 plus
1189 2552 1429 2638 probabilitatis

256 2655 359 2729 habet
382 2671 479 2739 quam
501 2651 691 2717 Erotianum
717 2653 847 2718 ineunte
873 2653 1001 2720 demum
1024 2659 1151 2723 saeculo
1170 2659 1275 2731 ,altero
1291 2666 1348 2725 aut
1372 2681 1429 2725 ex·

257 2761 368 2847 tremis
383 2762 499 2827 saltem
514 2760 607 2825 annis
622 2761 717 2846 primi
738 2762 917 2848 συναγωγήν
936 2765 1045 2841 λέξεων
1060 2767 1293 2853 conscripsisse.
1340 2789 1429 2833 oum-

260 2889 321 2959 que
347 2866 610 2931 Andromachum
636 2873 762 2953 patrem
792 2867 835 2931 ad
866 2867 1039 2933 Traianum
1065 2893 1165 2958 usque
1199 2872 1429 2960 imperatorem

259 2975 362 3040 'uitam
385 2972 603 3039 transduxisse
627 2994 646 3036 a
669 2994 720 3038 me
743 2973 916 3060 impetrare
939 2997 1004 3041 non
1027 2999 1158 3064 possum
1182 2981 1258 3066 quin
1286 2982 1428 3067 credam,

257 3080 375 3173 ideireo
391 3079 539 3145 Erotiani
555 3078 656 3144 uerba
667 3101 732 3146 non
745 3081 784 3147 de
803 3088 895 3168 patre
911 3083 968 3149 sed
984 3085 1024 3151 de
1040 3087 1106 3152 filio
1121 3087 1339 3172 intellegenda
1356 3113 1429 3157 esse

257 3195 399 3255 statuere
420 3208 486 3252 non
508 3186 639 3253 dubito:
662 3187 696 3251 id
719 3188 806 3274 quod
820 3188 942 3255 Paulus
967 3191 1132 3276 (ligahnus
1151 3216 1277 3281 quoque
1293 3197 1371 3263 feeit
1394 3201 1429 3264 in

257 3293 395 3359 lectione
418 3295 520 3358 altera
551 3293 591 3358 de
614 3292 712 3359 Plinii
742 3294 806 3360 fide
834 3304 869 3360 et
895 3299 1095 3382 auctoritate,
1120 3322 1202 3386 quae
1225 3303 1430 3372 Franzianae

256 3401 356 3466 Plinii
378 3399 527 3466 editionis
542 3406 629 3466 tomo
654 3402 794 3468 seeundo
817 3403 938 3469 inserta
955 3410 1013 3489 est,
1029 3428 1061 3492 p.
1080 3406 1225 3472 CXXIX
1241 3433 1287 3497 sq.
1326 3414 1429 3478 nihilo

256 3515 367 3575 tamen
389 3507 488 3573 setius
511 3506 634 3574 fubrros
651 3509 782 3595 quidem
797 3532 866 3577 esse
889 3534 954 3577 non
979 3514 1175 3601 ignoramus,
1200 3519 1254 3605 qui
1278 3520 1371 3599 λὲξι-ις
1386 3520 1430 3589 ad

257 3621 384 3704 patrem
416 3636 482 3680 non
514 3615 557 3681 ad
588 3616 688 3683 lilium
715 3617 811 3706 dirigi
840 3621 1046 3707 contendant,
1079 3625 1339 3712 quandoquidem
1375 3631 1429 3696 ille

245 3724 418 3808 ’ἁρχιατρός
440 3723 622 3811 adpellatus
655 3726 706 3809 sit,
742 3727 828 3792 hune
863 3750 957 3794 nemo
989 3739 1155 3797 auctorum
1196 3739 1343 3798 ueterum
1382 3737 1431 3804 ita

257 3828 457 3896 aodtauerit.
504 3833 594 3918 atqui
622 3833 677 3919 qui
699 3833 799 3899 filium
821 3836 883 3900 hae
904 3836 1062 3922 dignitate
1076 3842 1115 3925 ¹¹)
1139 3839 1333 3905 honoratum
1357 3865 1431 3912 esse

329 3991 374 4058 ll)
395 3993 602 4044 Andromachum
620 3994 702 4047 filium
720 4012 825 4064 quoque
842 3999 952 4051 Neronis
968 4001 1124 4052 arohiatrum
1143 4002 1222 4053 fuisse
1240 4001 1431 4058 adseuerarunt

256 4076 436 4147 mebriatur,
460 4080 587 4148 Sprangal
607 4086 700 4150 parab.
720 4087 771 4137 der
789 4087 907 4141 mediata
929 4091 971 4139 eta
996 4091 1056 4139 aufl.
1077 4096 1094 4141 t.
1115 4089 1141 4138 11
1154 4105 1180 4154 p.
1201 4091 1244 4152 80,
1263 4092 1432 4149 Aekermann

257 4166 433 4220 dubitationes
452 4170 512 4226 hist,
532 4171 598 4221 med.
619 4188 646 4236 p.
659 4173 731 4223 387:
751 4176 820 4239 quod
834 4176 902 4226 unde
915 4177 1078 4240 sumpserint,
1092 4191 1197 4242 prorsus
1218 4194 1270 4229 non
1288 4182 1429 4249 adsequor,
