2946 4620
647 258 801 309 mxnn

145 496 188 515 -
203 455 346 544 Hfflyeh.
368 454 388 520 I
411 462 453 521 90
475 451 572 519 αλαλν·
597 490 638 501 -
667 490 708 501 --
732 450 811 529 τινὲς
835 448 874 515 δὲ
901 452 966 513 τάν
993 444 1043 527 (δὲ
1064 444 1135 531 τάν)
1157 438 1304 525 νεωτδρον

144 568 198 635 τὸν
224 571 364 632 νωτιαῖον
385 560 524 651 [ιιυελδν]
545 557 719 642 α’πὲδοιιιαν,
746 555 789 635 αἱς
817 552 1030 639 Ἱπποκράτης·
1059 551 1114 616 τὸν
1142 548 1243 615 αἰαῖνά
1269 572 1307 626 τις

144 673 276 761 νοσήσας
298 671 460 756 ἑβδομαῖος
482 668 633 733 ἀπέθανε.

234 800 267 866 p.
292 782 345 860 54,
366 786 388 843 4
410 775 594 860 α’γάλλεται·
618 778 768 857 Βακχεῖος
791 775 825 838 ἕν
847 768 982 858 δευτέρῳ
997 769 1076 853 φησὶ
1095 765 1248 851 τέρπεται,
1263 762 1313 829 οιλι

146 886 263 973 δρδῶς.
286 882 353 950 ἔστι
371 883 429 966 γάρ
443 888 552 969 γαυριᾷ
568 887 633 946 κτλ.
647 918 689 929 -
703 878 846 967 Hesyeh.
861 877 880 942 I
897 884 937 943 12
961 874 1144 961 ἀγάλλεται·
1166 872 1315 959 τέρπεται,

147 996 269 1081 γαυριᾷ.

242 1119 275 1185 p.
296 1100 408 1178 54,16
437 1092 498 1159 α’πδ
530 1092 622 1159 τόκου
652 1094 852 1181 νοσημάτων·
884 1092 944 1157 άπὸ
974 1090 1146 1177 γεννήσεάς
1174 1115 1262 1175 φησι.
1278 1122 1318 1135 -·

154 1202 297 1292 Hesyssh.
320 1200 339 1267 I
363 1208 425 1265 261
452 1202 513 1266 a’no'
547 1201 653 1267 τόκον·
688 1202 743 1280 τάς
773 1200 988 1285 α’πογεννήσεις
1020 1202 1085 1264 ταῖν
1114 1195 1320 1285 γεννημάτων.

154 1312 194 1381 of.
219 1307 375 1378 Schmidt.
400 1306 443 1373 ad
464 1307 496 1373 h.
519 1308 541 1373 l.

243 1439 276 1505 p.
302 1421 391 1499 55‚4
414 1414 565 1499 α’ρδύλαι·
588 1414 788 1503 ὑποδήματος
809 1411 902 1493 εἶδος.
917 1452 959 1465 —-
974 1412 1118 1501 Hesyeh.
1139 1412 1159 1477 I
1181 1418 1246 1477 271
1271 1410 1325 1493 ιλρ-

153 1525 265 1611 βτλλαι·
288 1520 371 1601 εἶδος
392 1519 614 1607 ὑποδημάτων.
883 1570 891 1597 ,

245 1652 279 1718 p.
302 1636 389 1713 59‚9
411 1630 629 1715 βδελλάζηται·
652 1630 836 1717 θηλάζηται,
851 1630 1030 1716 α’μέλγηται.
1058 1627 1178 1714 εἴρηται
1193 1625 1325 1705 δὲπαρά

158 1738 214 1815 τὰς
235 1736 377 1820 βδέλλας.
390 1772 431 1782 -
444 1733 688 1821 Hesyeh.136⁷
712 1742 882 1826 βδαλῆται·
906 1737 1081 1823 θηλάζηται
1103 1736 1126 1821 ἢ
1148 1734 1327 1821 άμδλγηται.

247 1865 280 1931 p.
305 1849 393 1926 6Ο,6
416 1844 526 1928 γονίμη
551 1841 669 1928 ήμέρα·
692 1845 763 1909 α’ντὶ
784 1852 840 1908 τοῦ
862 1844 999 1930 περιττή.
1013 1842 1216 1929 -Ηθογολι
1231 1840 1323 1908 [441

156 1951 272 2037 γονίμη
295 1948 412 2035 ήμέρα·
436 1977 457 2034 η
480 1949 609 2036 περισσή
632 1952 683 2015 καὶ
701 1952 746 2036 μή
769 1950 878 2035 ἄρτιος.
973 2028 976 2033 Ι
1213 1988 1216 1993 ·

248 2078 282 2144 p.
307 2063 360 2140 60,
380 2060 419 2120 13
442 2056 535 2142 γονή·
558 2055 611 2122 ὁτὲ
627 2058 685 2139 μὲν
699 2059 735 2122 τό
752 2057 871 2141 σπέρμα
887 2061 981 2143 δηλοῖ
991 2055 1044 2122 ὁτὲ
1067 2056 1104 2121 δὲ
1125 2056 1187 2143 τήν
1202 2054 1321 2143 μήτραν.

160 2171 254 2230 κεῖται
278 2166 310 2226 ἐν
332 2167 453 2237 πολλοῖς
483 2161 553 2246 παρ’
582 2161 780 2247 Ἱπποκράτει.
796 2202 837 2213 -
851 2163 994 2252 Hesyoh.
1018 2163 1036 2229 I
1059 2170 1124 2229 441
1148 2158 1328 2252 γονήνῆΐ-

162 2295 253 2337 νεοιν.
275 2267 396 2353 μήτραν
418 2269 467 2331 καλ
490 2268 526 2333 τδ
549 2270 680 2353 σπέρμα.

176 2419 179 2427 .
256 2393 289 2459 p.
313 2379 404 2455 61,6
427 2381 653 2456 γαργαλισμοῦ·
683 2375 830 2461 γάργαλος
851 2379 902 2445 καὶ
923 2377 1062 2462 γαργάλη
1084 2375 1206 2459 λέγεται
1231 2378 1336 2458 ἐρεθι-

173 2481 259 2566 ομός,
282 2480 343 2546 α’πὸ
368 2486 429 2545 τῶν
451 2486 679 2566 πασχητιαισολν
700 2488 849 2565 γυναικῶν
869 2483 1055 2569 εἰλημμένης
1077 2491 1134 2569 τῆς
1150 2486 1263 2562 λέξεως
1275 2488 1342 2547 κτλ.

171 2628 212 2639 -
230 2587 372 2674 Hesyeh.
391 2585 409 2651 I
431 2593 497 2651 416
520 2588 741 2672 γαργαλισμός·
776 2590 989 2674 γαγγαλισμάς,
1015 2588 1195 2676 ήδοπάθειά
1218 2613 1282 2668 τις·
1308 2588 1342 2654 τδ
1373 2672 1378 2687 ·

167 2696 204 2761 δὲ
228 2694 305 2760 αδτό
328 2696 377 2759 καὶ
399 2694 547 2778 γάργαλος
568 2697 618 2761 ιιαλ
639 2695 785 2782 γαργάλη.

257 2822 291 2888 p.
317 2808 370 2885 62,
390 2807 431 2865 14
454 2820 502 2885 eq.
524 2802 662 2867 δίκαιον·
686 2802 806 2868 ἐνθάδε
827 2802 886 2884 μὲν
915 2800 1048 2884 εὔλογον.
1082 2804 1115 2868 ἐν
1145 2802 1183 2867 δὲ
1205 2807 1255 2891 τῷ
1278 2803 1347 2886 περὶ

169 2909 298 2994 ἄρθρων
321 2906 357 2973 τδ
393 2906 497 2990 ὅμοιον
520 2907 594 2973 ὅταν
617 2917 682 2999 φῇ·
706 2911 812 2995 ἐπειδή
836 2910 951 2975 δίκαιον
973 2908 1096 2992 ἔχουσιν
1120 2908 1149 2973 οἱ
1182 2908 1348 2993 ἄνθρωποι

173 3018 209 3083 τό
232 3042 265 3082 τε
295 3016 372 3081 άλλο
403 3024 494 3097 σαλμα
519 3019 571 3081 καλ
599 3016 657 3095 τάς
684 3024 788 3101 χεῖρας
817 3020 867 3081 καὶ
899 3016 940 3081 τά
970 3017 1087 3091 σκέλεα,
1118 3019 1349 3101 παραδείγματι

170 3124 362 3209 χρησάμενος
382 3122 463 3207 δγιιῖ
480 3125 553 3203 πρὸς
575 3125 611 3190 to*
633 3125 679 3209 μή
693 3123 784 3206 ὑγιές.
805 3126 856 3190 ε’πλ
880 3123 917 3188 δὲ
940 3132 996 3189 τοῦ
1018 3122 1087 3189 ἴσου
1110 3125 1161 3189 καὶ
1183 3132 1244 3189 τοῦ
1267 3150 1350 3206 σομ-

175 3230 319 3317 φέροντος
352 3229 413 3295 κτὲ.
431 3270 472 3280 -
492 3229 763 3318 Hesyoh1513
794 3231 929 3296 δίκαιον·
960 3230 1094 3314 εὔλογον,
1128 3229 1206 3313 ἴσον,
1232 3230 1352 3313 ὅμοιον,

176 3338 257 3420 παρά
279 3337 477 3421 Ἱπποκράτει.

265 3465 299 3530 p.
323 3450 434 3528 63,13
456 3445 634 3531 διαρόγχσς·
671 3448 725 3523 τάς
754 3450 817 3511 ταῖν
848 3444 1020 3526 ἒπιδέσμων
1049 3446 1195 3523 διαπνοάς
1226 3448 1280 3511 καὶ
1313 3448 1352 3513 τά

178 3553 292 3635 μεταξδ
315 3550 433 3616 τούτων
456 3554 662 3639 διαστήματα.
680 3593 721 3602 -
737 3552 879 3640 Hesych.
903 3552 1000 3618 1496
1023 3549 1206 3636 διαρόγχας·
1230 3555 1272 3619 τά
1295 3580 1356 3638 με·

182 3658 256 3737 ταξιλ
281 3663 343 3725 τῶν
366 3659 530 3725 ε’πιδὲσιων
551 3664 760 3746 διαστήματα.

270 3785 303 3852 p.
320 3772 373 3847 66,
390 3772 408 3829 2
432 3766 654 3851 ε’πανὲρεσθαι·
678 3770 879 3855 ἐπερωτῆσαι.
892 3806 934 3817 --
949 3766 1091 3853 Hesyoh.
1115 3766 1152 3832 Π
1169 3776 1234 3835 136
1259 3774 1359 3839 ἐπαν-

184 3871 325 3958 δρεσδαι·
351 3875 514 3956 ἐπερωτᾶν.
1080 3922 1084 3929 -

275 4001 309 4067 p.
335 3987 387 4062 70,
405 3986 421 4042 7
447 3982 660 4065 ε’·νειιρίνωοεν·
684 3980 836 4067 ἐνέδησεν.
855 4018 895 4030 -
911 3978 1053 4065 Hesych.
1076 3978 1113 4043 II
1130 3984 1170 4045 93
1196 3983 1360 4071 ἕνινρίιιω-

185 4108 260 4151 σεν·
284 4086 438 4172 ἐνέδησεν.
1336 4152 1339 4157 .

189 4196 193 4201 ’
278 4213 311 4279 p.
336 4198 427 4277 70‚8
452 4194 732 4281 ἕνεριλεβοτόμησε·
759 4197 904 4277 Βακχεῖος
934 4197 968 4259 ἐν
995 4196 1086 4282 τρίτη
1107 4196 1215 4281 φησίν,
1237 4196 1361 4265 &udo-
