2946 4620
659 238 786 301 1111111

148 453 280 534 α’ίματος
301 450 350 515 καὶ
373 443 559 531 &cospatrico
590 444 752 509 nancitor.
799 440 815 505 ὁ
838 438 874 506 δὲ
896 438 1034 519 Δίδυμος
1054 430 1176 499 Aedos
1203 424 1311 512 βρῶμά

143 582 239 645 φησιν
260 559 294 623 ἐκ
324 552 510 629 πολυτέλους
531 552 692 628 σκευασίας
721 548 925 633 συγκείμενον.
976 542 1017 609 of.
1040 536 1239 607 Schmiddus
1255 533 1312 599 l.l.

144 685 176 751 p.
201 670 317 729 111-
343 659 516 725 Drotianus
544 678 621 723 uero
644 678 677 744 p.
702 662 754 739 82,
780 663 819 719 11
844 653 942 719 haec:
965 647 1175 733 uapouoada'a·
1199 642 1313 725 κορύνη

144 769 226 849 εἶδός
258 774 342 837 ἐστιν
363 766 591 850 ὑποτρίμματσς
618 768 651 830 ἐκ
673 762 823 829 πλειόνων
862 760 1050 844 α’ρτυιιᾰτων
1081 752 1314 833 συντιθέμενον.

145 877 318 963 καρυκεύειν
337 874 373 940 δὲ
395 872 430 938 td
454 873 624 956 ταράττειν,
641 891 778 959 quocum
800 868 984 956 Hesychius
1005 864 1041 931 H
1056 868 1122 930 416
1147 856 1316 927 consentit.

146 984 207 1051 sed
229 1004 268 1050 ea
292 1001 430 1071 quoque,
454 1000 534 1066 quae
563 999 649 1044 nunc
670 978 843 1044 Erotianus
881 982 915 1042 et
935 972 1120 1060 Hesychius
1152 966 1319 1048 exhibent,

151 1089 240 1177 apud
274 1086 451 1173 Didymum
486 1088 563 1151 olim
595 1087 680 1152 lecta
714 1107 784 1152 esse
817 1083 915 1151 fidem
948 1082 1027 1148 facit
1059 1076 1322 1168 Etymologioum

149 1214 306 1281 magnum
328 1218 362 1282 p.
386 1202 461 1279 400,
486 1204 539 1260 11.

240 1301 294 1368 Ad
315 1301 494 1389 Didymum
515 1322 612 1389 porro
634 1322 694 1367 nos
715 1302 835 1367 ducunt
856 1298 979 1365 scholia
1000 1297 1044 1363 ad
1062 1295 1231 1382 Aristoph.
1252 1314 1322 1363 ran.

150 1432 185 1475 11.
201 1416 265 1474 223
282 1408 384 1497 ὄρρον·
402 1447 443 1458 -
462 1447 503 1458 -
520 1410 753 1495 Καλλίστρατος
775 1410 834 1495 τὴν
856 1408 957 1493 ὀσφῦν
972 1408 1022 1472 καὶ
1038 1404 1076 1470 td
1091 1405 1172 1489 ἶερὸν
1195 1405 1322 1471 ὀστοῦν·

154 1521 290 1600 Δίδυμος
312 1518 348 1581 δὲ
370 1518 429 1603 τὴν
452 1502 572 1599 τράμιν,
595 1517 651 1602 οὐχ
674 1516 714 1595 ὥς
738 1544 815 1594 τινες
838 1516 874 1582 τὸ
898 1518 1006 1602 ἰσχίον.
1052 1514 1093 1580 ef.
1125 1511 1323 1579 Schmidfius

153 1632 188 1713 p.
206 1632 258 1690 77.
282 1632 357 1690 249.
377 1664 418 1673 -
441 1624 586 1691 1110111111.
606 1632 789 1711 p.124,16
814 1624 939 1706 τράμιν·
962 1623 1016 1688 τόν
1039 1618 1138 1707 ὄρρον,
1161 1618 1255 1705 ὅνπερ
1277 1620 1326 1683 καί

48 1761 50 1763 ’
154 1728 339 1815 ’ῧιιοταιὲριον
361 1738 520 1814 καλοῦμεν.
566 1728 967 1819 cf.Hesych.HH169.
1013 1748 1097 1814 quae
1129 1746 1326 1815 quamquam

152 1854 176 1903 e
207 1836 313 1904 lexico
344 1838 466 1905 comico
499 1837 634 1925 Didymi
662 1839 794 1904 fluxisse
832 1843 980 1925 apertum
1012 1842 1072 1919 est
1101 1836 1183 1922 quid
1221 1834 1325 1902 010111

157 1945 347 2034 quominus·
363 1945 425 2011 hoc
446 1947 640 2012 uocabulum
663 1966 791 2034 quoque
813 1946 848 2010 in
869 1945 974 2013 lexico
996 1942 1131 2031 Didymi
1145 1942 1322 2032 Hippocra-

155 2054 220 2121 tico
243 2052 388 2119 extitisse
412 2052 643 2121 adsumamus?

247 2156 443 2245 Didymeum
483 2160 621 2249 denique
667 2158 965 2247 interpretationem
998 2157 1124 2223 rettulit
1156 2156 1323 2225 hrodum

158 2286 192 2352 p.
209 2272 298 2349 90‚e
322 2268 490 2351 κυρηβίων·
513 2274 577 2334 τῶν
600 2267 725 2353 α’χύρων
747 2268 797 2331 καὶ
819 2265 961 2349 παύρων.
1006 2264 1117 2350 arcear}
1141 2265 1179 2330 ιλὲ
1203 2262 1226 2351 ἦ
1246 2260 1327 2341 λέξις.

158 2388 225 2459 quo
249 2376 324 2457 apte
352 2374 521 2457 conparari
557 2379 664 2461 potest
698 2372 843 2440 scholion
876 2371 1042 2460 Aristoph.
1072 2390 1165 2459 uesp.
1201 2392 1235 2439 u.
1269 2372 1330 2436 968

162 2478 226 2569 Ιἔστι
249 2478 284 2542 δὲ
308 2479 475 2564 τραχήλιόν
495 2506 524 2544 τι
545 2481 649 2565 βραχΰ
672 2480 782 2559 τελέως
802 2479 1013 2566 παραπλήσιον
1031 2488 1094 2558 τοῖς
1117 2506 1187 2565 κυρ
1200 2480 1336 2567 ηβΐοις

162 2586 302 2652 τουτέστι
343 2586 534 2671 πιτύροις,
577 2595 639 2665 τοῖς
680 2586 738 2652 ἀπὸ
774 2592 836 2652 τῶν
869 2592 988 2668 κριθῶν
1018 2585 1242 2671 ἀποβρέγμασι,
1274 2592 1335 2663 τοῖς

160 2692 332 2778 ιὶχύροις.
390 2712 473 2777 quac
509 2692 643 2779 Didymi
680 2714 751 2759 esse
790 2690 931 2758 ostendit
965 2691 1148 2778 Hesychius
1185 2690 1225 2756 H
1263 2698 1338 2758 151.

166 2800 247 2864 haec
269 2816 396 2885 quoque
420 2820 486 2865 nox
512 2800 547 2864 in
574 2800 640 2866 lex-i
661 2800 870 2887 Hippocratis
893 2820 913 2864 a
935 2796 1077 2886 Didymo
1102 2800 1256 2886 exposita
1271 2816 1340 2866 esse

167 2912 284 2995 potest,
318 2905 439 2992 quippe
474 2927 570 2992 quam
602 2890 818 2994 Harpocratio
861 2926 894 2992 p.
931 2912 1004 2989 11⁷,
1042 2912 1084 2971 15
1123 2906 1158 2970 in
1191 2907 1346 2993 pluribus

170 3012 294 3100 scriptis
318 3019 501 3078 enarratam
524 3035 594 3081 esse
618 3014 712 3080 dicat.
759 3019 845 3080 recte
869 3014 955 3079 enim
975 3014 1009 3077 in
1032 3014 1116 3078 hanc
1145 3015 1354 3080 sententiam

173 3120 368 3186 Schmidtius
383 3120 650 3208 Harpocrationis
672 3123 730 3187 illa
752 3125 820 3190 ‘aci
843 3125 876 3188 ἓν
907 3120 1009 3201 ἄλλοις
1032 3122 1224 3210 δεδήλωται1
1245 3123 1354 3190 inter-

171 3232 317 3314 pretatus
341 3248 411 3292 esse
431 3228 511 3293 mihi
533 3228 670 3298 uidetur.

261 3324 334 3399 Hac
355 3334 454 3420 igitur
488 3338 718 3426 conparatione
740 3337 888 3403 instituta
910 3337 994 3402 inter
1015 3334 1164 3403 Hroiiani
1185 3337 1354 3428 interpre-

175 3441 313 3507 tationes
336 3463 452 3509 uocum
474 3452 507 3513 et
529 3468 595 3530 aas,
620 3467 700 3533 quas
724 3453 809 3512 certe
843 3467 864 3511 a
900 3444 1043 3531 Didymo
1076 3444 1240 3533 profectas
1276 3462 1354 3514 esse

177 3548 307 3615 aliunde
343 3557 479 3637 constat,
502 3551 680 3640 Didymum
710 3554 752 3619 01
775 3552 933 3618 Erotiano
956 3551 1044 3617 haud
1064 3573 1139 3617 raro
1161 3554 1198 3617 in
1235 3561 1354 3640 parces

176 3663 327 3723 uocatum
350 3676 420 3724 osse
442 3661 640 3747 patefactum
662 3667 721 3726 est.

268 3764 335 3832 Sed
356 3766 500 3833 nondum
521 3789 639 3835 nomen
661 3778 769 3835 meum
791 3769 888 3855 plane
922 3767 1014 3834 solui.
1071 3788 1137 3854 qua
1170 3767 1212 3834 de
1251 3776 1355 3836 cause

179 3870 300 3938 relicua
322 3893 449 3960 quoque
473 3895 556 3961 quae
590 3874 695 3939 adhuc
725 3874 758 3940 in
781 3874 936 3939 Erotiano
972 3895 1069 3961 super
1102 3882 1177 3941 sunt
1214 3866 1354 3965 Didymi

181 3981 319 4067 uestigia
342 3979 503 4047 indefesso
530 4003 625 4048 cursu
656 3983 853 4067 inuestigare
884 4002 1068 4068 pergemus,
1102 3984 1150 4048 ita
1188 3991 1230 4049 ut
1257 3991 1351 4051 extra

179 4087 391 4154 dubitationis
429 4088 536 4155 aleam
568 4095 718 4177 ponatur,
755 4091 833 4175 quin
871 4091 1046 4157 Erotianns
1074 4093 1114 4157 -in
1147 4088 1350 4160 chalcenteri

186 4197 272 4280 agris
287 4196 543 4271 foecundissimis
557 4197 712 4284 plurimos
731 4195 853 4262 fructus
878 4199 1044 4285 carpserit.
1084 4206 1231 4285 emnqhe
1251 4199 1349 4287 Didy-
