2946 4620
567 699 773 799 OAPUI'
803 701 880 797 ΙΠ.

220 927 314 995 Irini
340 948 444 1003 manu
476 928 595 1015 scripti,
623 929 739 1016 quibus
770 929 918 997 Erotieni
954 929 1145 1016 glossarium
1174 931 1308 997 circum-

148 1035 246 1122 icrtur,‚
264 1037 302 1103 in
320 1036 564 1105 adcurationem
586 1037 736 1119 notitiam
756 1059 864 1105 meam
894 1035 1112 1126 peruenerunt
1137 1043 1220 1104 octo.
1265 1062 1308 1107 ex

148 1144 243 1230 qubus
268 1166 349 1213 cum
370 1151 481 1222 aetate
501 1151 571 1212 tum
593 1146 713 1212 uirtute
731 1145 872 1233 primum
894 1146 1002 1211 locum
1024 1144 1085 1209 sibi
1107 1145 1213 1231 poscit

215 1254 407 1321 A=oodex
427 1253 665 1321 Vaticanus
689 1260 752 1319 277
769 1252 957 1319 chartaceus
978 1250 1083 1317 forma
1103 1255 1309 1336 quaternaria

151 1362 403 1443 miore-saeculi
424 1360 540 1446 XIIII,
563 1361 619 1448 qui
639 1359 725 1427 foliis
756 1368 820 1425 474
855 1363 989 1424 constat
1036 1358 1179 1425 continet
1210 1383 1309 1431 neret

212 1470 272 1536 fot
290 1478 404 1536 1-10
427 1470 611 1553 Ἐρωτιανοῦ
630 1471 693 1534 τῶν
708 1468 777 1552 παρ’
799 1464 976 1552 ῖπποκρᾶτει
998 1463 1110 1542 λέξεων
1133 1471 1306 1559 συναγωγή.

210 1577 271 1643 fou
299 1583 344 1642 11
372 1575 548 1660 Oetatogus
563 1575 755 1662 scriptorum
776 1572 1092 1661 Hippocraticom

170 1708 173 1713 ·
212 1684 274 1752 foi.
302 1691 437 1755 12.-24
483 1683 600 1750 Galeni
622 1683 824 1770 glossarium.
1301 1746 1304 1751 .

211 1793 271 1860 ioL
298 1799 441 1857 24—25-
458 1791 601 1857 Soranus
623 1790 755 1857 detrita
776 1795 810 1857 et
832 1809 950 1876 genere
973 1788 1193 1877 Hippocratis.
1381 1814 1387 1829 ··

213 1899 275 1965 fol.
303 1904 461 1965 25-474
482 1897 691 1984 Hippocratis
714 1898 843 1985 scripte,
867 1917 1003 1984 quorum
1024 1918 1193 1964 recensum
1215 1897 1307 1965 dedit

144 2001 273 2073 tineus
296 2006 335 2070 in
358 2004 500 2071 editione
521 2004 730 2092 Hippocratis
752 2004 817 2070 uoL
840 2002 875 2068 X
895 2024 929 2090 p.
952 2000 1025 2068 Lx.
1069 2003 1104 2067 in
1125 2003 1188 2068 hac
1209 2009 1303 2091 parte

146 2112 243 2179 udicis
270 2119 326 2185 sat
359 2113 463 2177 multo
491 2111 691 2198 marginibus
720 2111 883 2198 adscripta
915 2110 1067 2194 leguntur
1097 2111 1230 2196 scholia,
1262 2111 1304 2179 de
1399 2155 1406 2168 ·

152 2220 240 2307 tutus
250 2221 336 2287 uide
346 2219 470 2306 quaein
484 2219 571 2286 hisce
586 2219 823 2307 prolegomenis
838 2240 870 2306 p.
880 2216 982 2283 XVII
990 2238 1037 2304 sq.
1055 2217 1303 2307 disputeuimus.

180 2360 183 2365 ·
212 2328 317 2404 Quod
340 2326 383 2393 ad
405 2327 597 2393 Eroticuum
618 2327 743 2411 attinet,
762 2327 794 2392 -is
824 2326 865 2392 ab
892 2347 958 2391 una
993 2326 1176 2414 eademque·
1201 2349 1301 2397 manu

147 2452 192 2500 no
210 2442 330 2503 tenore
360 2435 497 2522 scriptun
512 2440 571 2501 est.
616 2435 700 2500 inter
726 2434 870 2520 singulos
893 2434 1044 2500 articulos
1072 2436 1226 2522 exiguum
1254 2436 1303 2502 in·

143 2543 226 2608 terest
248 2541 393 2629 spatium
415 2546 449 2608 et
470 2541 571 2607 uerba
593 2541 674 2629 α’ρχὴ
699 2550 753 2607 τοῦ
777 2570 795 2606 α
818 2549 839 2626 ft
860 2547 920 2607 etc.
945 2562 1073 2628 semper
1094 2543 1129 2607 in
1150 2543 1298 2629 margine

142 2645 203 2713 luri
229 2649 393 2735 leguntur.
431 2649 596 2715 interiores
620 2649 738 2716 codicis
755 2656 865 2739 partes
887 2650 1026 2737 pessime
1049 2671 1084 2715 se
1105 2649 1228 2715 habent
1250 2649 1298 2714 ita

143 2759 173 2818 ut
189 2755 325 2842 litterae,
354 2776 439 2844 qnae
469 2756 503 2822 in
536 2757 582 2824 cis
609 2757 747 2844 scriptae
778 2763 862 2841 sunt,
886 2757 948 2822 nisi
969 2776 1090 2841 magna
1112 2755 1301 2844 difficultate

144 2859 199 2946 legi
232 2884 299 2928 uon
329 2864 472 2950 possint,
506 2885 568 2952 quo
602 2864 730 2933 adcedit
764 2865 849 2952 quod
881 2864 922 2930 ab
952 2864 1081 2930 homine
1111 2863 1298 2952 posterioris

144 2971 247 3036 aetatis
279 2972 398 3036 rasuris
425 2968 566 3037 infectae
588 2975 671 3036 sunt.
717 2971 802 3036 hunc
826 2970 968 3036 codicem
990 2991 1102 3035 eorum
1135 2991 1215 3057 qnos
1243 2991 1302 3036 no-

144 3073 235 3142 uimus
258 3078 571 3164 praestantissimum
591 3078 794 3144 Bshlmanno
815 3099 888 3144 meo
918 3076 1135 3144 intercedente
1168 3078 1297 3146 Ulricus

92 3246 94 3251 .
144 3177 275 3248 Koehier
295 3184 336 3250 ad
363 3183 540 3250 editionem
560 3184 804 3251 Ohart'erianam
826 3185 860 3250 in
882 3206 989 3250 meum
1017 3202 1111 3250 usrrm
1146 3184 1300 3254 adcurate

92 3274 94 3279 ’
144 3292 280 3358 excusdt.
310 3332 351 3342 —
373 3292 512 3357 Praeter
532 3292 617 3359 hunc
640 3293 738 3359 etiam
763 3292 845 3363 alius
864 3292 899 3357 in
921 3291 1082 3358 Vaticana
1103 3292 1301 3361 bibliotheca

143 3395 318 3465 adseruntur
339 3399 446 3466 codex
464 3420 597 3465 numero
612 3407 696 3465 1134
706 3399 887 3484 insignitus,
904 3400 959 3486 qui
982 3399 1173 3467 Erotiauum
1194 3401 1299 3469 solum

144 3505 289 3591 conturet3
311 3506 369 3572 sed
391 3506 574 3572 incensum
587 3507 697 3581 uenire
719 3507 840 3592 nequit
886 3507 913 3572 is
937 3507 1023 3572 enim
1046 3510 1174 3574 saeculo
1197 3509 1299 3575 XVII

143 3618 280 3680 exemtus
311 3613 392 3679 nihil
423 3612 512 3678 aliud
534 3619 592 3698 est,
614 3620 652 3680 ut
674 3635 726 3679 me
760 3613 904 3680 Koehier
925 3616 1095 3681 certiorem
1116 3615 1203 3698 fecit,
1234 3614 1296 3679 nisi

143 3716 407 3787 adcuratr'mimum
444 3718 597 3787 Vaticani
635 3729 700 3787 27⁷
750 3722 974 3808 apographon:
1010 3723 1132 3809 quippe
1164 3743 1230 3788 non
1263 3723 1297 3787 in

144 3825 471 3895 nmatissimissolum
486 3826 573 3892 uitiis
596 3846 669 3892 oum
692 3848 730 3893 eo
753 3827 851 3914 plene
875 3830 1043 3914 consentit,
1061 3849 1174 3895 nerum
1197 3828 1295 3892 etiam

142 3927 272 4020 istosin,
289 3934 344 4024 qui
365 3931 404 3999 in'
423 3928 481 3999 illo
504 3939 637 4018 propter
658 3935 849 4022 scripturam
871 3935 1048 4000 euanidam
1071 3941 1127 4001 aut
1149 3935 1293 3999 chartam

142 4034 244 4106 laesam
265 4044 331 4131 legi
359 4046 429 4108 ndu
450 4036 598 4127 possunt,
619 4031 752 4111 omnino
779 4052 866 4113 tecet
886 4068 1010 4134 nosque
1044 4047 1172 4114 deserit
1227 4047 1299 4114 Va·

143 4142 228 4215 icaro
249 4158 312 4218 atr
333 4147 521 4220 mnodum
542 4147 658 4215 adfinis
682 4159 730 4218 est
