2932 4658
677 230 792 294 xx'vm

152 435 190 502 ut
211 429 434 500 Dioscoridem
454 433 584 500 nomine
605 438 732 500 tentum
764 433 795 500 ei
829 432 995 519 cognitum
1022 431 1120 497 fuisse
1155 431 1319 518 adpareat.

138 542 253 627 ‚home
266 561 374 609 ornum
395 547 497 608 restat
518 541 735 627 fragmentum
755 540 843 627 apud
864 540 1056 606 Erotianum
1070 561 1102 627 p.
1122 544 1196 621 131,
1215 548 1231 602 1
1251 558 1321 602 au.

138 652 250 741 ..φωναὶ
273 651 496 733 aarrlttovuar,
523 648 557 713 in
585 670 654 736 ¹quo
678 647 810 715 Bacchii
842 654 880 715 ut
911 647 1040 714 uidetur
1057 646 1324 733 :explicationem

152 759 387 845 inpugnantem
414 754 486 821 ueri
511 754 634 840 aliquid
656 754 776 820 uidisse
797 774 863 820 non
885 753 1071 840 negandum
1086 758 1153 819 est
1198 752 1233 816 in
1255 751 1325 816 uni-

144 885 283 931 uersum
307 869 417 931 autem
441 862 511 927 eius
531 862 815 948 interpretationes
832 861 1069 927 uocabulorum
1091 860 1272 945 singulares
1294 864 1327 925 et

157 973 329 1057 abstrusae
349 969 450 1037 fnisse
471 968 632 1053 uidentur,
656 991 729 1035 cum
761 991 827 1035 non
857 969 954 1036 modo
985 968 1120 1034 Bacchii
1140 973 1174 1034 et
1205 966 1327 1032 Philini

155 1078 214 1147 sed
238 1078 480 1165 atiamllpielis
501 1084 535 1143 et
548 1077 716 1163 Apollonii
732 1076 863 1164 Opheos
878 1075 1014 1143 decretis
1029 1075 1211 1160 refragatus
1233 1081 1327 1141 esset.

251 1183 341 1251 Inter
363 1184 505 1267 medicos
536 1185 727 1273 interpretes
755 1183 964 1271 Hippocratis
993 1188 1122 1269 praeter
1141 1181 1329 1247 'Bacchium

159 1291 386 1380 celeberrimus
406 1296 464 1377 ¹est
496 1289 747 1373 Heraclides
783 1290 986 1375 Tarentinus,
1018 1288 1165 1367 Manliae
1191 1289 1329 1376 discipu·

158 1401 266 1484 lus,³²)
282 1399 338 1485 qui
352 1403 418 1485 laea
433 1398 532 1465 libros
548 1399 621 1480 πρὸς
636 1405 786 1483 Βακχεῖον
807 1400 875 1479 περὶ
899 1407 961 1463 aeis
982 1397 1200 1482 Ἱπποκράτους
1221 1397 1329 1475 λέξων

148 1505 272 1595 ‚edidit
293 1506 333 1571 cf.
357 1506 501 1573 Erotion.
525 1527 558 1593 p.
584 1514 638 1589 32,
662 1513 693 1589 2,
715 1504 830 1590 fragm.
852 1500 1015 1573 LXXIII.
1053 1504 1232 1592 :scriptioni
1255 1525 1330 1571 suae

149 1594 324 1683 ramosum
347 1612 570 1699 interpretum,
589 1611 693 1698 quiin
712 1612 773 1685 hoc
789 1632 907 1697 genere
928 1616 1178 1694 antecesserunt,
1194 1612 1330 1698 praemi·

152 1719 244 1807 sisse,
252 1719 390 1802 uidetur,
403 1724 517 1806 utpote
532 1718 707 1785 Erotianus
719 1716 893 1785 Heraclide
908 1723 990 1784 teste
1003 1717 1218 1787 Xenocritum
1231 1719 1333 1787 Coum

151 1814 406 1912 grammaticum
418 1827 557 1914 primum
568 1827 749 1912 glossarum
765 1826 983 1913 expositiones
995 1826 1111 1891 litteris
1125 1827 1331 1912 consignasse

155 1932 268 2027 ¹tradit
303 1936 372 2001 eius
386 1935 469 2011 libri.
481 1956 546 2021 quo
567 1934 679 2013 ordine
696 1933 843 2021 dispositi
858 1933 986 2016 fuerint,
1001 1953 1069 1997 non
1089 1938 1220 1999 constat
1230 1955 1330 2023 neque

161 2060 203 2104 ex
214 2036 404 2129 fragmentis
415 2041 567 2123 eoncludi
580 2046 698 2128 potest,
706 2063 779 2107 cum
790 2041 890 2109 semel
902 2046 1029 2109 tantum
1042 2040 1130 2128 apud
1143 2041 1326 2109 Erotianum

154 2147 237 2241 libri
259 2169 417 2225 numerus
434 2148 565 2227 additare
587 2149 638 2214 sit.
683 2148 812 2215 uidetur
833 2153 943 2217 tamen
965 2147 1108 2232 Bacchii,
1124 2169 1224 2234 quem
1246 2151 1329 2238 inpu-

156 2255 299 2349 gnabat,
322 2279 445 2339 morem
477 2265 604 2336 secutus
630 2259 759 2345 ,glossas
789 2257 964 2325 seeundum
985 2246 1097 2353 librps
1127 2256 1334 2346 Hippocraffi

157 2362 376 2457 {ordinauissa
401 2364 476 2452 quia
496 2366 794 2451 interpretationem
823 2365 915 2433 uerbi
937 2365 1128 2431 1111111111
1159 2365 1336 2452 epidemisa

164 2464 354 2559 pertinentia
368 2471 451 2537 libro
468 2472 608 2539 seeundo
624 2473 758 2558 protulit
774 2479 807 2541 et
820 2495 918 2539 uoces
928 2473 969 2539 ab
986 2473 1120 2557 alittera
1134 2473 1337 2561 incipientes,

159 2570 197 2665 si
210 2576 298 2659 ,κατά
310 2586 469 2662 streperos
492 2580 584 2657 λέξιις
607 2578 813 2663 condidisset,
827 2579 862 2643 in
876 2580 994 2645 librum
1009 2579 1149 2667 primum
1174 2581 1338 2666 relegasse

166 2704 242 2749 eum
272 2683 468 2753 uerisimile
491 2691 550 2769 eat,
572 2707 614 2755 ne
633 2686 835 2755 ,relicui-duo
862 2687 962 2753 nimio
984 2689 1108 2755 ambitu
1142 2687 1339 2754 laborarent.

162 2789 329 2881 ¹lragmina
351 2796 461 2857 autem
487 2792 604 2875 omnia,
629 2812 712 2881 quaa
734 2792 909 2861 Erotionus
933 2796 1092 2880 exhihuit,
1115 2816 1180 2861 uno
1204 2798 1338 2884 excepto

164 2918 213 2975 ‚ex
243 2897 331 2963 hisce
359 2897 449 2963 libris
471 2898 575 2984 petita
604 2905 689 2982 sunt,
712 2900 747 2967 in
770 2902 885 2988 quibus
912 2903 1048 2970 Bacchii
1067 2903 1215 2990 inprimis
1243 2905 1339 2969 inter·

167 3003 365 3093 pretationes
386 3006 529 3073 examini
551 3006 713 3081 subiciens
735 3007 823 3073 haud
844 3031 917 3076 raro
947 3010 983 3075 in
1005 3006 1200 3077 sententiam
1235 3010 1277 3076 ab
1300 3028 1337 3077 eo

168 3109 330 3197 diuomam
364 3113 547 3181 disaesusm
579 3113 718 3181 uidetur.
774 3136 859 3181 nuno
890 3122 966 3182 eum
1007 3139 1074 3183 uno
1109 3122 1236 3183 tanturm
1270 3118 1337 3182 loeo

168 3219 288 3307 (sexies
318 3218 406 3284 enim
432 3219 602 3307 1111111111)
622 3242 643 3286 a
665 3220 798 3287 Bacehii
820 3228 912 3309 parte
939 3230 1025 3289 stare
1047 3223 1194 3289 uidemus
1227 3242 1339 3291 uocem

170 3333 259 3393 θεῖον
280 3345 351 3391 ease
370 3325 405 3391 τό
429 3327 562 3410 loricatis
585 3328 689 3405 πάθος
710 3327 920 3397 decernentis.
959 3326 1076 3419 quodsi
1091 3352 1170 3397 uero
1186 3333 1340 3419 conplura

170 3433 269 3498 etiam
289 3431 451 3497 uocabula
472 3433 518 3498 ita
540 3435 730 3519 explanarit
750 3441 788 3501 ut
809 3450 925 3502 uooo'm
945 3445 1076 3519 μᾶσσον,
1105 3456 1203 3526 quarn
1225 3448 1339 3522 πλεῖον,

170 3537 329 3605 Bacchias
351 3544 461 3605 antem
481 3547 570 3607 recte
593 3541 724 3607 ἔλασσον
741 3541 970 3629 interpretatus
986 3551 1057 3610 erat
1078 3546 1132 3632 (cl.
1148 3545 1338 3633 Erotianp

172 3652 226 3729 ,9.5,
246 3649 291 3733 6),
312 3667 519 3734 nequaquam
535 3648 735 3735 prouinciam
753 3648 788 3715 in
802 3671 838 3717 ss
853 3656 1037 3739 susceptam
1054 3658 1182 3719 strenue
1204 3655 1343 3740 gorsiam

173 3753 336 3843 putandus
362 3760 421 3821 est
464 3760 594 3841 praeter
629 3755 755 3840 glossas
792 3757 913 3842 pariter
948 3764 1048 3846 atque
1084 3759 1277 3849 Pamphilus
1308 3766 1344 3829 et

173 3860 382 3929 Dioscorides
397 3862 512 3946 iunior,
535 3883 631 3950 quem
644 3862 902 3930 Alexandrinum
925 3865 1045 3952 dicunt,
1061 3869 1193 3945 nomina
1217 3891 1344 3958 quoqne

247 4117 293 4186 82)
314 4119 440 4173 Glauciae
457 4117 614 4185 discipulum
631 4121 711 4172 suine
729 4122 893 4175 Heraclidem
912 4126 959 4190 qui
976 4126 1004 4176 in
1022 4126 1118 4194 Paulyl
1143 4131 1346 4197 encyrlopaedia

177 4205 240 4257 sealt
258 4223 279 4260 s.
297 4222 327 4285 a..
343 4206 484 4285 mandit,
503 4205 571 4281 nuda
587 4207 695 4263 enimait
711 4208 830 4263 inuenire
847 4226 898 4265 non
916 4214 1000 4278 potui.
