2946 4620
785 235 889 287 XXIIII

250 437 336 516 χεῒος
363 427 597 515 όἩροφίλιιος
619 424 704 494 slus·
735 425 857 515 ῥυθμός
887 428 954 493 ἔστι
981 425 1098 515 κίνησις
1119 428 1154 493 ἐν
1185 424 1310 513 χρόνοις
1340 423 1427 506 τοῖξιν

255 537 381 622 ἔχουσα.
428 556 533 624 neque
577 534 798 602 reconditioris
845 534 1009 602 doctrinae
1045 533 1224 622 specimina
1260 534 1425 623 scriptioni

255 644 322 711 cius
345 643 486 728 deficere,
510 645 630 731 quippo
651 644 706 731 qui
723 644 896 710 uerborum
921 642 1242 730 interpretationibus
1275 643 1343 709 suis
1370 642 1426 709 ad·

252 753 327 819 letis
348 752 457 817 multis
477 757 649 838 postorum
675 751 867 818 testimoniis
890 751 1011 817 firmius
1045 750 1294 817 fundamentum
1316 750 1423 839 anqui-

255 861 382 928 siuisset
413 859 466 946 (cf.
495 859 641 925 Erotion.
665 881 698 946 p.
734 867 787 943 31,
821 862 893 947 12);
926 860 961 925 id
995 859 1082 948 quod
1104 859 1138 924 in
1167 856 1228 923 tali
1260 857 1334 922 uiro
1355 876 1423 943 per·
1460 854 1463 859 ’

255 969 366 1052 magni
392 967 574 1033 faciendum
603 973 697 1050 esset,
728 966 790 1032 nisi
819 967 878 1031 illa
906 988 981 1033 eum
1009 984 1076 1032 non
1096 986 1139 1032 ex
1172 986 1232 1032 suo
1263 984 1353 1051 penu
1372 962 1424 1030 ‹ls-

255 1074 449 1164 prompsisse
471 1075 529 1142 sed
546 1072 744 1156 Aristarcho,
770 1073 825 1158 qui
848 1054 1035 1160 α”νιιστήθιζε
1050 1082 1154 1140 πᾶσαν
1173 1073 1235 1159 τήν
1255 1074 1423 1165 τραγῳδίαν

256 1183 345 1271 (ΕΜ.
369 1204 402 1269 p.
426 1191 501 1265 277,
523 1188 564 1247 53
597 1178 747 1245 Eustath.
770 1200 803 1265 p.
829 1187 904 1264 974,
928 1182 973 1267 7),
1007 1186 1142 1267 accepta
1172 1181 1337 1247 rettulisse
1364 1198 1420 1245 nos

257 1290 430 1357 deduceret
463 1288 605 1355 Galenus
637 1287 659 1352 l.
685 1307 712 1353 ο.
742 1304 775 1373 p.
800 1293 863 1352 404
895 1286 1093 1371 Ἀριστάρχου
1131 1294 1187 1352 τοῦ
1218 1292 1420 1372 γραμματικοῦ

255 1400 291 1464 τὸ
314 1406 437 1484 πλῆθος
456 1397 540 1485 αὐτῷ
564 1403 627 1461 τῶν
649 1392 903 1476 παραδειγμάτων
922 1393 1137 1478 ἀθροίσαντος,
1153 1392 1195 1470 ὥς
1218 1418 1324 1479 φασιν.
1364 1388 1420 1459 wll

259 1526 339 1572 caue
360 1505 462 1577 ullem
484 1502 581 1567 fidem
603 1500 725 1567 hsbess
759 1498 915 1585 corruptis
944 1497 1062 1565 (isloni
1091 1499 1211 1583 uerbis,
1242 1522 1328 1589 quaa
1353 1500 1425 1588 pus

258 1634 323 1679 uno
344 1613 474 1678 nomine
496 1607 689 1675 iustissimae
722 1606 908 1694 suspitionis
931 1628 1045 1673 ansam
1071 1607 1241 1694 praebent.
1286 1606 1425 1674 Bacchic

138 1760 140 1764 2
259 1720 344 1786 enirn
367 1719 439 1784 ideo
463 1722 633 1804 poctarum
661 1715 844 1781 testimonia
873 1735 956 1801 quae
986 1713 1184 1801 adposuerat
1210 1715 1426 1783 nobilissimum

260 1828 316 1893 illc
348 1823 576 1912 grammaticus
615 1821 821 1907 suppeditare
855 1842 921 1888 non
954 1823 1070 1909 potuit,
1106 1823 1193 1911 quod
1217 1824 1323 1891 multo
1355 1827 1427 1915 post

258 1933 435 2000 Bacchium
458 1930 549 2012 uixit,
570 1928 604 1994 id
628 1928 714 2017 quod
734 1926 983 1995 MSchmidtium
1004 1927 1138 2015 Didymi
1160 1928 1278 2016 fragm.
1309 1952 1343 2021 p.
1365 1936 1422 1997 252

258 2041 391 2106 latuisse
415 2036 535 2126 oppido
558 2038 666 2103 miror.
713 2037 740 2102 si
770 2036 900 2123 quidem
928 2034 1072 2122 aequalis
1102 2040 1172 2102 erst
1202 2035 1329 2105 Philini
1356 2034 1418 2119 coi,

261 2147 316 2235 qui
338 2145 510 2232 empiricos
534 2149 640 2211 sectas
663 2143 812 2231 princeps
836 2149 869 2210 et
896 2142 1069 2230 Herophili
1101 2142 1282 2230 discipuhrs
1303 2142 1419 2234 (fialen-

260 2251 414 2336 ιίσαγιογή
444 2250 464 2336 ἢ
485 2250 588 2333 ἰατρός
610 2273 636 2317 0.
653 2253 754 2318 41101.
778 2251 883 2316 XIIII
905 2272 938 2337 p.
956 2257 1018 2315 683
1036 2249 1093 2336 Κ.)
1118 2255 1196 2316 erui.
1221 2249 1262 2316 cf.
1286 2250 1425 2317 1117011111.

257 2379 294 2445 p.
319 2366 371 2441 31,
398 2367 436 2422 13
460 2357 602 2423 Littrdus
626 2358 668 2423 ad
690 2357 847 2444 Hippocr.
870 2362 893 2422 t.
917 2357 935 2421 Ι
957 2378 989 2444 p.
1005 2362 1057 2422 87.
1101 2354 1304 2444 Herophilus
1324 2364 1429 2425 autam

259 2484 331 2530 cum
365 2468 472 2531 aetate
503 2464 604 2532 ferme
639 2467 760 2551 supper
791 2470 876 2529 esset
908 2464 1164 2549 Erasistrato,²⁷)
1201 2465 1257 2553 qui
1304 2464 1431 2535 Seleuci

259 2554 419 2639 Nicatoris
444 2593 473 2637 ο.
500 2556 562 2639 281
592 2593 622 2637 a.
648 2571 706 2637 dh.
726 2571 844 2637 mortui
874 2571 1017 2638 medicus
1040 2573 1128 2639 foma
1159 2572 1265 2641 clarus
1295 2570 1369 2643 erat
1401 2578 1432 2643 et

209 2754 216 2767 ,
260 2681 484 2768 Theophrasto
516 2680 690 2764 συνεγένετο
719 2678 847 2766 (Galen.
875 2700 917 2745 an
940 2681 1071 2765 sanguis
1094 2685 1212 2746 ustura
1243 2681 1280 2746 in
1302 2682 1428 2751 arteriis

248 2790 462 2869 ,contineatur
493 2797 510 2853 7
536 2794 559 2854 t.
586 2786 659 2853 1111
684 2795 747 2852 722
772 2787 840 2874 Κ),
863 2786 943 2852 nihil
968 2788 1041 2875 plus
1070 2788 1310 2875 probabilitatis
1332 2790 1432 2859 hebet

261 2919 358 2986 quam
382 2917 431 2980 es,
456 2916 540 2982 quse
563 2894 705 2961 Galenus
729 2894 769 2961 de
794 2893 972 2961 Aristarchi
1001 2894 1122 2961 anxilio
1144 2897 1278 2982 rettulit,
1303 2918 1433 2988 corrup·

261 3007 382 3071 tionem
405 3001 613 3087 contraxisse,
638 3022 735 3089 quam
757 3001 813 3089 qui
834 3022 989 3089 persanes
1011 3023 1076 3068 non
1106 3002 1235 3071 difficile
1269 3010 1319 3071 est
1340 3002 1433 3071 intel·
1464 3066 1471 3089 ,

261 3110 358 3177 lectu.
381 3110 588 3191 manifestum
608 3108 695 3175 enim
712 3113 760 3175 est
774 3107 1001 3197 Aristophanis
1015 3107 1217 3199 Byzantii²⁸)
1232 3132 1355 3179 nomen
1375 3132 1432 3201 pro
1467 3094 1471 3119 '

335 3327 381 3390 27)
399 3326 507 3377 Minime
524 3327 615 3392 ignoro
637 3342 758 3392 magnam
780 3320 932 3393 cpinlo'nnm
950 3326 1150 3394 discrepantiam
1168 3329 1237 3381 inter
1254 3330 1326 3382 uiros
1347 3331 1432 3382 doctu!
1468 3332 1471 3341 '

264 3430 321 3469 esse
338 3415 371 3466 ds
388 3416 482 3467 medici
499 3415 577 3467 huius
601 3415 761 3467 celeberrimi
787 3420 881 3480 aetate,
901 3431 958 3466 cnm
980 3416 1033 3467 ism
1059 3422 1160 3470 uemres
1179 3435 1232 3471 non
1250 3421 1433 3473 consentirent.
1468 3416 1471 3449 ²

264 3502 373 3554 Plinius·
388 3505 458 3554 enim
476 3504 564 3568 XIIII,
585 3506 607 3568 7,
622 3506 655 3555 73
677 3518 736 3555 aum
762 3505 863 3554 circiter
889 3502 1002 3556 ccccl.
1021 3520 1117 3556 annum
1135 3508 1209 3560 urbIs
1232 3509 1331 3562 Bomos
1354 3510 1435 3563 inim
1467 3528 1471 3547 ⁴

265 3592 369 3656 adserit,
388 3596 415 3642 et
429 3593 559 3644 Eusebius
579 3594 613 3644 ad
631 3594 727 3660 olymp.
746 3593 880 3658 cmc
898 3594 1019 3645 adnotat:
1037 3590 1258 3667 Ἐρασίστρατος
1283 3587 1435 3668 διαφανδς
1465 3588 1471 3637 ἶ

267 3685 368 3752 ἰατρὸς
387 3683 565 3752 ἐγνωρὶζετο.
602 3684 649 3735 sed
666 3689 775 3749 uterque
786 3684 880 3735 nimius
893 3690 933 3735 ast
949 3686 978 3735 in
995 3690 1081 3737 catate
1099 3687 1154 3738 elus
1175 3688 1331 3740 delinlanda.
1370 3694 1434 3742 cet*

163 3816 169 3825 .
266 3791 324 3826 rum
342 3776 374 3825 cf.
392 3774 558 3827 Rossubsum
576 3775 610 3824 od
629 3773 754 3839 Sprengel
774 3775 866 3839 poert.
888 3776 940 3826 der
957 3775 1054 3826 medI
1072 3792 1098 3841 p.
1112 3779 1163 3829 522
1182 3785 1235 3830 not.
1251 3782 1291 3844 15,
1311 3780 1351 3831 Le
1364 3780 1435 3832 clerc

266 3862 327 3917 lust.
347 3865 380 3915 ds
397 3864 424 3915 la
441 3863 574 3915 mddscinc
592 3879 618 3928 p.
638 3864 698 3925 294,
717 3862 806 3929 Meyer
822 3865 915 3930 perot.
936 3865 988 3915 der
1006 3866 1120 3918 dotauit
1137 3866 1151 3917 1
1172 3870 1233 3919 222.
1469 3862 1471 3871 ’

337 3951 381 4019 28)
401 3953 441 4003 De
459 3952 607 4002 nominibus
626 3947 836 4021 Ἀριστοφάνης
855 3957 881 4003 ct
897 3947 1084 4024 Ἀρίσταρχος
1101 3961 1206 4022 propter
1225 3956 1436 4024 compendlcrun

267 4039 465 4093 similitudinem
482 4042 560 4093 toties
576 4042 729 4109 permutatis
746 4043 808 4093 uide
825 4047 927 4109 praeter
944 4043 1085 4094 Borksrum
1105 4058 1145 4111 cp.
1165 4046 1222 4098 crit.
1241 4045 1276 4097 ad
1293 4045 1351 4096 Th.
1363 4043 1436 4098 (isir-

238 4190 241 4197 .
267 4128 325 4185 iord
342 4130 372 4181 in
389 4130 478 4198 Valpii
497 4130 598 4198 epham.
617 4131 691 4183 class.
704 4134 731 4181 et
742 4129 874 4183 FAWolfli
891 4132 960 4183 anal·
979 4131 1029 4182 litt.
1042 4131 1098 4185 IIII
1110 4134 1171 4199 545,
1190 4134 1326 4189 Osannum
1345 4130 1435 4185 anecd.

268 4216 343 4270 Rom.
361 4234 388 4289 p.
407 4221 441 4271 83
459 4225 486 4272 et
502 4221 531 4271 ln
550 4221 639 4286 primis
660 4220 806 4272 Nsuclsium
823 4221 857 4273 ad
876 4221 1006 4287 Aristoph.
1027 4223 1088 4288 Byr.
1107 4225 1196 4295 hagar.
1216 4240 1242 4291 p.
1263 4224 1325 4277 m.
