2946 4620
578 886 783 987 tAPuT
828 883 882 984 11.

231 1151 304 1219 Iam
326 1151 427 1218 oritur
441 1154 586 1240 quaestio
609 1152 653 1219 de
674 1151 836 1235 subsidiis,
852 1148 969 1236 quibus
992 1146 1123 1216 odiortus
1137 1149 1312 1219 Emtianus

141 1259 333 1348 opuseulum
363 1280 457 1326 uuum
490 1262 677 1348 conposuitz-
696 1261 730 1324 in
751 1275 837 1347 quae
857 1279 877 1324 e
899 1280 936 1324 re
965 1258 1096 1324 uidetur
1117 1259 1312 1344 diligentius

140 1368 314 1455 inquirere,
353 1369 544 1454 praesertim
579 1369 655 1454 quia
695 1367 848 1454 antiquae
882 1366 1069 1432 eruditionis
1102 1372 1313 1434 monumenta

138 1475 222 1542 hatis
244 1475 387 1560 egregie,
411 1496 494 1561 quas
516 1496 607 1542 nuno.
622 1472 750 1563 perdita
772 1479 856 1558 sunt,
880 1475 1056 1561 eiprocstc
1072 1474 1212 1541 fuerunt.
1237 1492 1314 1542 nom

137 1602 239 1648 acmo
260 1581 450 1667 scriptorum
473 1598 663 1670 graecorum
686 1587 745 1665 est,
766 1582 801 1647 in
823 1580 913 1646 cuius
928 1581 1037 1646 uerbis
1051 1582 1314 1649 insolentiorihus

85 1689 87 1692 ’
139 1687 429 1773 marignanos-at
453 1690 655 1776 explicandis
677 1694 804 1754 tantam
823 1686 967 1755 uirorum
1000 1687 1168 1753 doctorum
1197 1678 1314 1756 seriem

141 1802 334 1882 occupatam
354 1795 453 1864 fuisse
480 1798 583 1883 uides,
607 1818 704 1886 quum
734 1797 961 1884 Hippocrates,
993 1794 1192 1860 medicorum
1218 1797 1314 1865 facile

141 1902 302 1991 princeps.
360 1904 615 1992 disquisitionem
656 1924 735 1971 uero
772 1910 917 1969 nostram
946 1903 995 1968 its
1027 1903 1242 1988 instituemus,
1276 1909 1313 1972 ut

142 2011 282 2097 primum
319 2012 448 2098 singule
465 2019 628 2114 ‘ueterum
659 2013 872 2099 interpretum
903 2030 976 2077 oum
1003 2009 1207 2077 modicorum
1245 2019 1311 2080 trm

142 2118 426 2204 grammaticorum
456 2120 595 2207 uestigia
627 2120 853 2208 conquiramus
883 2124 955 2186 orm
986 2139 1081 2205 quem
1110 2120 1314 2206 potissimum

140 2231 309 2297 morosam
340 2225 455 2292 ducem
492 2246 589 2316 quem
623 2236 814 2317 sequeretur
855 2226 1030 2295 Erotianus
1067 2227 1129 2293 sihi
1168 2228 1315 2314 elegerit,

143 2333 313 2398 enucleare
340 2354 502 2400 conemur.

233 2440 337 2507 Extat
351 2438 481 2527 quidem
498 2441 541 2508 de
550 2443 811 2528 hccorgumento
824 2442 1016 2525 dissertatio,
1032 2462 1130 2529 quem
1142 2442 1316 2512 PSOPren

141 2545 181 2614 de
194 2549 416 2636 iuterpreahue
439 2551 563 2636 procris
585 2547 793 2636 Hippocratis
813 2550 999 2636 inscriptam
1021 2549 1201 2616 Altdorfiac
1222 2558 1315 2617 179⁵

144 2657 260 2723 emisit
302 2657 363 2723 sed
401 2656 478 2744 quid
515 2657 559 2723 ad
591 2664 734 2722 rosham
763 2677 832 2722 rem
861 2656 1100 2725 dilucidandam
1132 2658 1316 2744 contuderit,

145 2763 294 2850 equidem
308 2765 427 2849 nescio,
444 2765 520 2851 quia
539 2765 606 2830 eius
629 2764 836 2852 scriptionem
853 2782 1023 2852 'numquam
1040 2764 1118 2830 uidi.
1148 2771 1318 2834 ,attamen

144 2869 241 2959 hodie
259 2893 332 2936 eam
346 2891 413 2936 uon
433 2871 617 2937 satisfacere
639 2893 698 2958 pro
723 2878 809 2938 certo
834 2872 1004 2938 adfirmare
1027 2895 1168 2960 possum,
1193 2875 1319 2963 quippe

143 2977 212 3042 eius
256 2979 345 3044 modi
387 2979 608 3066 quaestionem
649 2984 759 3045 nostro
804 2977 933 3044 demum
970 2984 1116 3066 tempore
1139 2969 1142 2973 ’
1163 2981 1319 3048 omnibus

144 3086 285 3151 numeris
301 3087 427 3153 absolui
441 3108 537 3175 posse
552 3079 783 3179 unusquisque,
797 3106 897 3175 penes
915 3107 1011 3175 quem
1031 3085 1071 3153 dc
1090 3084 1178 3153 hisce
1198 3087 1318 3156 studiis

143 3190 298 3289 iudicium
321 3199 380 3278 cst,
403 3195 524 3285 optime
545 3193 646 3263 nouit.
674 3261 676 3266 ,
814 3262 816 3267 .
864 3192 866 3197 ’

144 3356 154 3373 r
196 3338 199 3343 ·
227 3301 325 3393 ¹luter
346 3304 488 3373 medinm
509 3304 609 3390 igitur
628 3303 818 3392 interpretes
847 3304 1030 3392 puimm,²⁵)
1053 3302 1108 3391 qui
1129 3303 1191 3372 Ooi
1211 3305 1321 3373 lexeis

145 3534 154 3557 '⁵
216 3536 263 3605 25)
282 3538 398 3590 Fuerunt
416 3536 461 3604 qui
480 3538 623 3604 Herophilo
641 3538 753 3604 primum
770 3539 855 3588 locum
875 3537 942 3587 inter
962 3536 1159 3602 glossographcs
1178 3535 1320 3602 adsignare

146 3622 251 3692 tolient,
270 3627 316 3679 sed
334 3628 499 3680 uehementer
516 3629 630 3679 frustrati
651 3632 719 3678 sunt.
756 3622 916 3691 Herophilus
935 3624 1003 3673 enim
1024 3624 1080 3691 ipse
1098 3624 1190 3684 λέξεις
1208 3627 1321 3692 scripto-

146 3724 203 3770 r'uiu
221 3717 464 3784 Hippocraticorum
489 3732 623 3783 nunquam
648 3715 783 3780 conposuit
807 3718 886 3778 atque
909 3705 1064 3776 euucieauit,
1089 3714 1135 3764 sed
1154 3728 1193 3764 res
1211 3720 1319 3769 tentum

146 3798 222 3859 modo
242 3808 269 3859 iu
290 3807 398 3874 singulis
418 3821 505 3857 eorum
525 3810 647 3857 tractatos
671 3806 752 3856 doct-is
779 3803 967 3854 commentariis
992 3803 1146 3861 inlustrauit,
1166 3804 1194 3852 in
1218 3806 1318 3869 quibus

146 3886 281 3949 occasione
304 3897 393 3947 chisto
409 3892 567 3961 significatus
590 3894 775 3946 uocabulorum
803 3886 978 3944 obscuriorum
998 3890 1097 3956 tetigit.
1141 3881 1214 3943 locus
1243 3891 1318 3960 uero,

148 4002 199 4054 quo
218 3984 320 4052 decepti
338 3986 369 4048 ci,
391 3984 437 4050 qui
456 3984 488 4034 dc
504 3984 611 4035 historia
629 3984 691 4034 artis
709 3982 824 4034 medicae
842 3980 1006 4045 scripserunt,
1020 3978 1046 4030 'ct
1063 3978 1177 4032 Littreus
1196 3984 1232 4034 ad
1250 3980 1320 4051 Hip·

147 4087 216 4142 poor.
235 4081 253 4126 t.
272 4077 286 4126 I
303 4092 329 4142 p.
350 4077 393 4138 83,
411 4088 488 4139 quem
512 4073 635 4124 Lehrsius
654 4072 686 4122 de
706 4069 846 4122 Aristarchi
864 4068 932 4120 stud.
948 4068 1017 4118 hom.
1035 4085 1062 4134 p.
1082 4071 1115 4119 53
1140 4072 1244 4123 mallem
1264 4092 1319 4126 nou

147 4167 249 4218 sarus
268 4167 342 4228 esset,
361 4161 533 4227 Herophilum
551 4161 579 4211 in
591 4160 830 4232 glossographorum
846 4173 981 4210 numerum
999 4157 1136 4224 benignius
1154 4167 1317 4233 receperunt,
