2946 4620
713 216 775 268 LVI

159 406 248 492 duxi,
282 407 357 496 quia
391 407 575 475 emendatio
616 405 764 474 Erotiani
796 428 907 474 eorum
947 406 1088 475 subsidio
1126 427 1194 474 non
1226 407 1331 494 magis

161 522 334 602 augeretur
357 538 453 605 qnam
485 537 570 583 nuno
591 515 630 582 iis
656 515 746 582 libris
776 516 822 599 iit,
853 534 990 603 quorum
1009 514 1099 581 lama
1120 515 1331 601 percrebruit

161 625 281 690 etenim
318 644 495 711 numquam
528 623 671 690 nonum
694 644 765 689 esse
787 622 894 709 oredo,
916 629 954 690 ut
975 623 1161 710 exemplum
1183 620 1333 689 Erotiaui

159 731 306 797 neiiuum
344 731 449 799 adhue
486 731 630 798 ordinem
661 730 840 816 glossarum
874 750 1007 797 semans
1025 728 1111 794 -id
1143 726 1231 816 prod
1264 729 1331 797 ἰσοι

157 836 302 903 Adriano
333 837 501 924 Heringae
535 839 570 904 in
604 837 689 905 uotis
719 842 850 903 erat-
864 837 1096 903 nenoisoamur.
1142 837 1170 903 si
1200 837 1331 925 quidem

159 964 271 1010 omnes
306 946 360 1032 qui
392 946 603 1012 innotuenmt
631 945 758 1011 eodioes
782 964 825 1010 ex
855 965 920 1011 uno
944 943 1123 1031 eodemque
1151 944 1332 1035 archetypo

159 1051 299 1137 pessime
320 1040 387 1119 iam
408 1060 485 1120 tuno
507 1052 619 1120 habito
643 1050 770 1118 oriundi
792 1056 884 1117 sunt:
905 1049 992 1137 quod
1018 1070 1086 1115 uon
1114 1050 1220 1117 solum
1253 1053 1332 1123 ordo

160 1158 319 1242 genuinus
349 1161 447 1247 plane
469 1161 615 1227 inuersus
637 1158 849 1242 demonstrat,
879 1157 921 1225 de
942 1179 1006 1245 quo
1027 1157 1105 1224 uide
1127 1178 1212 1245 quae
1233 1180 1335 1248 supra

156 1263 286 1330 uberius
324 1265 560 1355 disputauimus
594 1269 639 1355 (p.
663 1264 770 1332 XIIH
795 1267 890 1353 τοο),
920 1285 1036 1331 uerum
1055 1265 1166 1337 ¹etiam
1195 1266 1335 1335 laounse

154 1371 292 1439 maiores
319 1373 534 1461 minoresque,
556 1371 823 1460 interpolationes
850 1377 885 1439 et
900 1370 1158 1460 separationes
1178 1372 1336 1441 euinount

156 1480 305 1546 omnibus
331 1479 422 1547 libris
455 1500 651 1547 communes.

245 1586 319 1652 Iam
346 1608 423 1653 uero
453 1587 481 1653 si
511 1587 644 1653 laeunas
675 1589 814 1673 spectas,
838 1605 919 1672 quas
942 1585 1089 1652 inlibris
1111 1604 1184 1653 esse
1205 1585 1332 1653 monui·

156 1714 242 1777 mus,
264 1694 529 1780 signifioantiores
551 1693 777 1761 adnotabimus
803 1691 921 1759 husee:
942 1714 975 1780 p.
1000 1699 1090 1777 ³²22
1124 1696 1182 1759 τοῦ
1209 1699 1330 1783 Topoe7

154 1802 240 1869 πίνου
256 1801 475 1893 [Ηρακλείδσσ]
531 1824 564 1890 p.
578 1808 664 1885 38,4
679 1803 729 1866 ani
744 1802 787 1878 εἰς
802 1799 838 1865 lt
856 1800 1072 1886 [κατεαγεῖσα],
1093 1798 1131 1887 ἢν
1176 1820 1210 1887 p.
1224 1806 1328 1885 8³,10

155 1907 247 1994 μέρος
269 1918 325 1974 τοῦ
348 1914 404 1997 τῆς
425 1910 544 1996 μήτρας
566 1908 699 1998 [excidit
721 1906 872 1989 στόματος
901 1904 955 1971 uel
977 1907 1142 1993 τραχήλου]
1187 1928 1222 1994 p.
1238 1914 1322 1993 85,3

153 2013 195 2092 οἱς
218 2017 271 2081 τὸν
296 2018 427 2100 πυρετὸν
457 2019 618 2108 ψυκτηρίῳ
649 2014 813 2104 [φαρμάκῳ
842 2012 958 2080 ἐκλύειν
982 2012 1003 2099 ἢ
1023 2013 1176 2104 καμμάρῳ
1199 2014 1320 2104 {ilipa

154 2122 301 2213 τοιούτῳ·
323 2128 372 2189 καὶ
396 2125 473 2212 ἐπῆν
494 2126 540 2213 μὴ
563 2123 659 2214 λύσῃς
680 2107 725 2213 τῷ
749 2118 923 2210 ψυκτηρλῳ]
955 2120 1105 2211 φαρμάκῳ
1154 2142 1189 2208 p.
1216 2129 1324 2209 11-1,4

152 2229 235 2314 nopai
256 2230 292 2295 rei
315 2230 357 2307 uic
380 2235 413 2298 ἐν
435 2232 518 2323 πήρα
541 2276 753 2299 .........
775 2228 855 2315 φησί
899 2245 932 2313 p.
948 2233 1058 2311 126st
1080 2233 1251 2315 βοηθοῦσα
1267 2277 1276 2296 .
1292 2276 1326 2298 ..

154 2380 241 2400 ....
265 2336 306 2415 οἷς
329 2340 379 2403 καὶ
402 2340 570 2426 Εὐριπίδης
584 2346 650 2405 κτλ.

223 2508 306 2561 codex
337 2510 491 2561 Nannianus
517 2508 648 2560 ccxmx
678 2507 826 2559 ohmtaeeus
853 2506 992 2573 diptyobns
1019 2520 1087 2557 seeo.
1114 2505 1178 2556 XVI
1203 2514 1328 2566 oonsmns

151 2597 222 2649 loliis
242 2600 302 2663 139,
320 2598 354 2649 de
372 2614 424 2664 quo
448 2598 510 2649 uide
528 2597 676 2663 Mingarelli
693 2612 730 2662 gr.
749 2596 824 2647 oodd.
841 2610 901 2647 mss.
921 2609 963 2661 ap.
983 2595 1099 2647 Nannios
1117 2596 1211 2661 patrio.
1233 2600 1329 2654 Venet.

152 2687 258 2738 seruati.
295 2688 429 2738 Bononiae
450 2688 519 2738 1784
537 2703 562 2753 p.
581 2687 642 2737 442.
679 2685 792 2736 oonfinet
808 2684 887 2735 haee:

221 2793 248 2844 p.
269 2781 282 2829 1
301 2773 431 2847 γαληνοῦ
460 2778 502 2836 τὶς
523 2777 556 2828 rt
588 2771 703 2845 πρῶτον
727 2769 785 2827 τῶν
809 2768 973 2841 ἐπιδημιῶν
999 2767 1161 2844 ὑπόμνημα
1181 2771 1220 2827 α’.
1250 2778 1326 2835 deas

149 2865 262 2919 initium.

223 2973 249 3022 p.
272 2959 323 3008 106
344 2952 503 3023 ἐρωτιανοῦ
521 2952 579 3009 sair
598 2950 667 3022 παρ’
686 2948 889 3021 ἱπποκράτοος
909 2952 1014 3013 λέξεων
1033 2948 1199 3021 σοναγωγῆ.

224 3062 251 3111 p.
269 3048 319 3097 123
338 3043 468 3116 γαληνοῦ
488 3041 540 3097 τοῦ
562 3037 763 3112 iuuonpo'rovr
782 3037 923 3110 γλωσσῶν
942 3036 1083 3110 ἐξήγησις.

222 3135 303 3186 sodex
322 3137 469 3202 carpensis,
489 3151 566 3201 quem
584 3136 702 3186 nominat
718 3133 766 3184 Ph.
785 3132 909 3183 Labbous
928 3128 1050 3183 biblioth.
1068 3144 1138 3181 noua
1155 3146 1218 3185 mss.
1233 3149 1261 3200 p.
1273 3136 1329 3187 286

151 3223 268 3275 Erotiani
285 3225 381 3276 librum
400 3227 449 3276 sub
468 3225 544 3274 titulo
556 3224 687 3275 adferens:
708 3220 873 3273 ‘Horatiano'
891 3220 1004 3272 unicos
1017 3232 1120 3272 τίσουσι
1135 3221 1329 3286 Hippocratis

148 3325 204 3376 per
230 3313 428 3377 ubstatetum?
464 3330 522 3365 oum
545 3314 611 3364 haee
634 3312 794 3363 bibliotheca
811 3310 926 3363 maxima
948 3323 982 3359 ex
998 3313 1074 3375 parte
1091 3309 1224 3363 Mutinam
1244 3317 1329 3367 trans·

150 3399 205 3451 lata
223 3401 265 3466 sit,
284 3403 333 3453 iste
350 3403 417 3454 liber
434 3404 542 3455 sonasse
560 3405 638 3454 etiam
656 3418 725 3453 nuno
745 3401 784 3452 ibi
802 3400 874 3450 latet.

220 3490 302 3540 sodex
329 3490 502 3543 bibliotbeoae
524 3491 714 3558 patriarohstus
741 3487 1033 3553 Constantinopolim,
1060 3485 1212 3539 esuum
1241 3491 1328 3544 forma

149 3578 316 3641 quaternaria
331 3590 399 3628 meo.
417 3578 501 3640 XVII,
515 3580 560 3645 qul
579 3579 698 3629 litationi
711 3582 737 3629 ot
754 3578 850 3630 Galeni
868 3576 1005 3643 glossaria,
1021 3576 1125 3627 lexioou
1143 3577 1327 3632 Herodotaum

149 3669 176 3717 st
194 3671 316 3732 exeerpta
333 3681 368 3718 ex
379 3666 502 3732 Gregorio
514 3667 638 3720 Corintho
650 3667 683 3716 de
702 3667 789 3716 ionioa
800 3662 912 3716 dialeeto
930 3664 1052 3715 eontinet.
1089 3665 1121 3714 ei.
1141 3664 1325 3723 Bethmannns

147 3754 176 3807 in
193 3756 268 3807 Porta
287 3755 420 3810 ‘moisio'
439 3757 491 3808 nol.
509 3757 589 3808 VIIII
607 3773 633 3822 p.
653 3756 713 3807 651.

219 3844 303 3894 oodex
323 3845 466 3897 Vossianus
483 3860 509 3894 n.
522 3846 591 3895 2222
609 3845 644 3894 ab
662 3844 768 3895 Hallero
785 3841 907 3895 biblioth.
924 3842 993 3893 met
1011 3842 1120 3908 praetI
1140 3844 1192 3893 176
1212 3845 1322 3912 mistus,

145 3934 194 3999 qui
210 3932 259 3985 ubi
280 3949 350 3985 nune
371 3935 406 3985 sit
426 3933 536 4001 (holdae
555 3949 614 3984 eum
636 3948 689 3985 non
707 3947 763 3984 esse
786 3946 833 3997 pro
851 3934 920 3982 serto
938 3931 1074 3982 adfirmare
1094 3934 1214 3999 possum)
1240 3935 1326 3987 nesei-

149 4026 214 4075 αισι.
250 4023 324 4075 onius
344 4038 403 4075 oum
423 4022 528 4072 titulum
551 4020 708 4071 titubantem
726 4034 781 4073 esse
799 4018 922 4071 Hallerus
947 4019 1049 4083 dixerit,
1077 4018 1156 4071 ualde
1181 4021 1321 4075 dolendum

148 4115 196 4177 ot,
210 4114 286 4178 quod
302 4128 362 4165 sum
379 4128 433 4164 non
450 4108 660 4162 eommunioauii.

220 4201 335 4255 oodioem
354 4202 468 4269 donique
486 4200 549 4252 uitat
569 4195 695 4250 (loeobius
713 4195 746 4248 sd
764 4195 882 4249 Nieetmn
900 4211 927 4263 p.
945 4196 989 4248 so.
1002 4197 1041 4253 oi.
1059 4194 1187 4251 sulas
1207 4212 1230 4251 o.
1306 4232 1309 4239 ,
