2932 4658
582 302 712 357 XXVIIII

56 456 250 580 plantarum,
276 494 475 580 animalium,
496 496 703 563 metallorum
727 503 760 564 et
779 500 1028 586 supellectilium
1060 500 1257 608 enarreuIt

57 600 136 688 quod
151 600 307 669 eatenus
322 598 420 690 gloss.
436 624 469 690 p
487 603 906 687 coenomanensium
929 606 1095 694 debemus,
1112 614 1233 698 magno

57 711 83 777 ci
102 712 184 779 uitio
207 715 324 781 uertit·
316 714 436 801 ‚quod
457 715 595 780 utrum
585 736 655 781 rure
669 715 734 781 huc
748 716 926 783 rettulerim
946 739 1074 804 necue,
1087 721 1230 807 ambigo.
1251 730 1254 735 ’

59 819 136 905 quod
171 820 203 885 si
225 821 307 887 feeit
335 820 536 906 Heraclides,
559 842 624 886 non
656 822 804 888 inutilem
835 824 952 891 seltem
992 846 1126 913 operam
1157 820 1255 892 oon-²

61 926 204 1015 sumpsit,
230 934 269 994 ut
299 914 453 997 concedet
483 929 537 1016 qui
564 950 674 994 escum
707 930 958 997 consideraucrit
983 932 1100 999 misum
1132 954 1255 1021 quen-=

60 1042 122 1101 tum
144 1058 217 1121 eos,
243 1037 299 1125 qui
314 1037 356 1104 de
377 1038 497 1119 talibus
518 1037 614 1103 rebus
645 1037 851 1123 scripserunt,
880 1038 965 1103 inter
986 1058 1022 1104 se
1051 1032 1232 1111 dissentire.

59 1142 110 1208 sed
132 1146 247 1231 potuit
267 1167 395 1235 quoque
409 1145 491 1212 haec
505 1145 539 1210 in
555 1144 791 1211 commentariis
807 1148 956 1228 uectore,
972 1164 1054 1232 quos
1069 1146 1103 1211 iu
1121 1168 1232 1215 omncs
1251 1182 1257 1199 τ

58 1248 273 1339 Hippocratis
295 1253 457 1341 libroseb
483 1274 520 1318 eo
544 1252 648 1318 editos
672 1272 742 1317 esse
765 1252 883 1317 scimus
906 1272 948 1317 cx
970 1251 1096 1319 (islone
1118 1275 1234 1321 comm.

57 1357 217 1446 Hippoor.
242 1358 284 1425 de
307 1358 391 1449 offic.
414 1358 499 1425 med.
527 1358 589 1425 It.
612 1357 733 1424 XVIH
762 1357 791 1422 Β
822 1380 855 1445 p.
879 1357 1009 1423 631-Κ.
1070 1360 1119 1426 ita
1146 1362 1258 1427 enim·

56 1464 234 1531 Erotienus
257 1488 290 1553 p.
316 1475 435 1551 115,ι3
458 1467 760 1554 interpretationem
780 1466 870 1533 uocis
903 1469 1068 1551 στλεγγίδα
1090 1489 1133 1534 ex
1161 1463 1258 1537 eius

57 1574 294 1639 commentario
318 1573 460 1649 secundo
482 1575 517 1638 in
539 1574 695 1661 Hippoer.
715 1574 833 1639 librum
865 1574 1015 1660 quartum
1048 1574 1232 1662 epidemiou
1256 1602 1263 1609 ··

60 1678 219 1745 laudauit.
265 1679 363 1769 uelde
396 1668 496 1766 igitru
530 1680 703 1747 dolendum
735 1685 810 1764 est,-
826 1681 913 1767 quod
941 1699 1115 1768 quamnam
1149 1676 1260 1753 inter·

57 1785 308 1852 commentarios
331 1794 364 1852 et
384 1788 485 1853 lexeis
508 1789 668 1855 rationem
687 1787 880 1855 Heraclides
901 1789 1099 1856 intercedere
1124 1791 1259 1857 noluo·

57 1895 110 1979 rit,
133 1900 246 1975 utrum
274 1896 376 1963 lexeis
399 1896 471 1969 illos
493 1918 536 1961 au
556 1896 604 1961 illi
639 1896 711 1962 uice
725 1948 728 1953 .
743 1917 840 1961 uersa
870 1896 971 1962 lexeis
1003 1886 1234 1984 suppleueriut,

59 2024 192 2093 prorsus
215 2002 388 2092 nescimus.
413 2002 525 2069 -ut
555 2024 633 2068 uero
666 2003 809 2069 Becebic
842 2009 876 2071 st
897 2003 1026 2067 Pbilino
1052 2008 1112 2067 et·
1128 2000 1236 2087 Epicli
1254 2012 1280 2064 ἱ,

59 2107 324 2177 condoluerunt
347 2109 411 2195 qui.
424 2109 688 2194 contradicerent,
711 2110 759 2175 ita
781 2115 894 2175 conta
924 2108 1106 2174 Heraclidis
1133 2108 1235 2175 lexeis

64 2214 303 2287 uolumiuosum
325 2237 417 2303 opus,
440 2217 528 2305 quod
550 2217 730 2310 octodecim
751 2218 851 2283 libros
867 2215 1147 2303 conplectebatur,
1168 2217 1234 2283 ele·
1258 2252 1262 2259 ·

68 2322 190 2395 bennit
210 2324 406 2412 Apollonius
430 2324 580 2391 Citiensis
603 2326 762 2413 (Erotion.
785 2346 818 2413 p.
843 2326 1231 2411 32‚1i,qucmeundem
1257 2320 1263 2377 ἶ

66 2450 132 2499 esse
151 2438 251 2523 etque
266 2420 486 2519 Apollonium,
500 2434 555 2520 qui
571 2439 647 2512 Μῦς
669 2428 1015 2521 eupolum-prebere
1038 2432 1144 2500 adnisi
1158 2443 1234 2504 sunt
1259 2436 1264 2457 ²

61 2538 272 2627 Sprengelius
300 2540 400 2627 pocot.
425 2540 638 2606 dcemcdictn
660 2540 680 2606 Ι
702 2536 765 2607 559
793 2540 1232 2609 succensentibus

58 2646 98 2714 de
116 2648 308 2734 Archigene
331 2654 364 2714 ct
386 2648 425 2714 de
446 2649 628 2737 Apolloniis
655 2648 789 2719 medicis
815 2668 848 2736 p.
875 2656 925 2712 17.
971 2668 1015 2713 ex
1044 2648 1108 2713 boo
1134 2670 1233 2736 opere
1259 2696 1263 2703 -

58 2754 196 2825 lomesse
210 2758 314 2845 petita
336 2745 423 2841 suut,
442 2778 529 2845 quoe
550 2756 723 2822 Erotianus
755 2776 788 2843 p.
820 2761 877 2839 -81,
912 2760 930 2820 9
958 2752 1168 2843 Apollonium
1191 2755 1265 2822 de?

59 2864 193 2931 uocibus
216 2864 396 2951 aleyytoc'tl'pr
411 2864 509 2951 φωνή
531 2864 703 2951 protulisse
725 2863 781 2929 ait
1261 2951 1264 2957 Ι

100 3028 104 3039 .
148 2971 357 3039 Glaucias
379 2971 549 3059 empiricos
568 2992 633 3037 uuo
656 2971 738 3037 libro
757 2970 931 3037 multorum
954 2990 1105 3037 uersuum
1121 2969 1232 3055 (πολυ-

65 3082 177 3169 στίχῳ)
214 3078 394 3145 ineisa
355 3081 431 3145 ιιιιτίιΙ
471 3086 618 3164 στοιχεῖον
648 3077 791 3164 digestus
826 3075 1113 3164 conprehendit,
1103 3096 1138 3141 m
1169 3096 1233 3164 quo

65 3191 170 3252 umen
204 3185 239 3251 id
261 3184 358 3251 ualde
380 3182 630 3272 uituperandum
657 3203 727 3249 esse
758 3189 867 3247 censet
889 3182 1117 3268 Erotionusp
1143 3187 1196 3264 35,
1212 3188 1232 3246 5

66 3293 149 3383 qnod
188 3293 247 3359 uni
280 3294 394 3397 cuique
413 3293 568 3377 ucenae,
592 3310 697 3377 quam
734 3289 916 3373 enarrabat,
932 3287 1072 3373 seriptis
1104 3274 1233 3377 Hippo·
1263 3380 1268 3387 Ι

67 3398 169 3487 uatis,
203 3402 239 3467 in
274 3389 389 3491 quibus
413 3401 550 3486 legitur,
583 3396 738 3486 adpositis
775 3397 933 3487 copiosior
964 3396 1048 3463 iusto
1080 3394 1176 3463 modo
1200 3400 1235 3463 et
1264 3390 1268 3397 ’

68 3513 190 3583 lectoris
212 3508 495 3601 patientiamque
518 3506 561 3573 ad
591 3505 757 3573 fastidium
786 3504 905 3573 ebusus
935 3509 1005 3571 est.
1049 3503 1138 3571 idem
1160 3524 1233 3571 eou-

10 3678 12 3687 .
69 3624 169 3689 silium
196 3618 287 3707 quod
306 3616 499 3704 Apollonius
521 3614 671 3681 Citiensis
698 3619 827 3681 secutus
856 3610 1038 3677 Heraclidis
1065 3610 1233 3677 Tarentini

69 3729 282 3818 expositiones
306 3725 496 3810 glossarum,
520 3742 603 3810 quae
625 3721 756 3787 omuino
779 3721 929 3808 plausum
960 3717 1134 3784 edseoutae
1166 3738 1232 3783 non

68 3856 133 3903 esse
161 3834 326 3916 uidentur,
355 3828 525 3917 tdgrcssus
557 3836 616 3895 est.
662 3828 829 3915 quinquies
862 3846 948 3891 nunc
986 3826 1021 3890 in
1055 3824 1231 3892 Hrotianeo

67 3944 165 4013 lexico
189 3940 423 4024 laudubm,'ita
443 3940 480 4005 ut
502 3934 603 4007 'semel
626 3936 659 4003 in
683 3935 842 4023 consortio
864 3930 1068 3999 Ischomachi
1090 3938 1124 3999 et
1152 3922 1236 4018 Ilip-
1251 4004 1272 4021 ,Ι

65 4052 209 4141 pouuctis
232 4032 437 4137 grammatici
459 4050 644 4135 conpareat,
666 4064 802 4131 quorum
824 4040 998 4115 adsensum
1026 4038 1110 4121 tulit,
1133 4040 1273 4115 tribua...¹

64 4172 169 4232 autem
192 4161 274 4229 locis
299 4168 346 4243 (p.
366 4138 424 4239 ιιι,
450 4164 508 4239 16;
533 4163 586 4237 49,
610 4163 648 4236 43
681 4160 756 4234 114,
780 4153 815 4235 5)
838 4170 859 4215 a
880 4146 1022 4213 Bacchio
1056 4145 1234 4213 dissentiat

64 4274 145 4361 quod
167 4274 196 4339 si
220 4288 288 4335 non
311 4266 358 4330 ita
381 4269 474 4345 esset,
491 4283 564 4327 eum
580 4259 712 4329 Baochii
733 4256 909 4323 sententias
925 4259 1037 4325 contra
1054 4252 1236 4321 Heraclidis
